1834 3055
211 254 256 287 40
285 281 287 284 .
352 251 476 286 VITA
503 249 755 284 BENNONIS
781 249 832 284 ΙΙ.
858 247 1085 283 EPISOOPI
1112 244 1538 281 OSNABRUGENSIS.

354 362 420 400 29.
470 359 535 400 Ac
585 359 646 399 sic
695 359 906 411 deinceps
948 357 1102 397 divina
1143 355 1400 409 opitulante
1445 355 1685 397 clementia

213 418 533 459 consummatis
567 431 619 458 ex
652 418 792 470 parte,
826 429 940 469 quae
973 415 1167 455 moriens
1199 414 1278 454 ille
1299 414 1567 467 imperfecta
1587 413 1684 454 reli-

213 478 383 530 querat,
418 476 637 529 reparatis
668 475 802 516 tectis
836 477 881 515 et
913 474 1101 527 picturis
1135 472 1366 520 adhibitis,
1409 472 1683 513 ornamentis

213 536 348 576 etiam
384 548 464 587 pro
496 534 719 574 facultate
763 533 968 574 adauctis
1011 535 1056 572 et
1097 531 1293 585 praediis
1331 531 1562 583 acquisitis
1594 543 1684 570 11011

213 593 412 641 modicis,
457 593 542 633 etsi
579 606 669 633 non
713 592 941 639 continua,
989 591 1202 643 frequens
1242 592 1396 630 tamen
1439 591 1484 630 et
1525 588 1684 641 qualis·
1709 604 1726 629 5

215 665 389 704 cunque
431 651 517 691 sibi
558 651 630 690 hic
672 664 762 690 11011
805 651 931 690 deest
972 649 1129 689 oratio.
1200 647 1423 698 Quoniam
1466 660 1684 687 successo-

213 711 338 750 ribus
370 710 535 750 nostris
564 709 749 762 speciali
770 709 855 748 hoc
879 707 1144 760 opusculum
1170 707 1426 747 intentione
1449 705 1683 753 edidimus,

213 770 416 821 repetere
463 781 583 807 nunc
630 767 947 807 obtestationis
1001 767 1181 805 nostrae
1234 763 1683 809 admonitiunculam,

215 841 346 879 quam
388 826 436 865 in
478 826 623 879 prima
666 826 761 866 eius
792 826 944 864 fronte
976 823 1219 876 posuimus,
1260 824 1306 863 et
1338 822 1516 875 saepius
1547 820 1686 862 incul-

217 898 316 925 care
348 898 439 924 11011
473 884 611 937 piget,
645 886 709 932 ut,
745 883 782 923 si
814 883 855 923 ei
887 896 965 935 per
991 895 1071 922 nos
1099 881 1257 934 utique
1284 882 1542 934 peccatores
1565 879 1686 933 apud
1712 893 1745 917 10

217 943 471 983 districtum
505 943 700 982 iudicem
723 942 872 981 minus
896 940 1155 988 efficaciter,
1190 953 1336 992 quam,
1372 939 1478 978 dum
1503 939 1683 984 viveret,

217 1002 413 1055 speravit
451 1002 496 1041 et
537 1002 667 1053 egeta
711 1000 915 1047 fortasse,
964 998 1253 1046 succurritur,
1300 999 1430 1037 tanto
1478 996 1686 1037 obnixius

217 1074 298 1113 pro
332 1060 426 1100 eius
468 1059 614 1099 salute
657 1059 834 1098 divinae
877 1057 1060 1110 pietatis
1103 1070 1232 1096 aures
1266 1055 1446 1108 pulsare
1478 1055 1564 1108 ipsi
1596 1068 1687 1094 11011

219 1119 440 1163 desinant,
481 1119 650 1169 quanto
683 1130 728 1156 se
762 1117 856 1156 eius
888 1115 1113 1155 industria
1145 1114 1426 1154 solummodo
1459 1115 1504 1154 et
1536 1112 1686 1152 studio

217 1177 262 1216 in
297 1177 380 1215 hoc
413 1176 512 1215 loco
547 1177 842 1228 congregatos
864 1174 1031 1214 habere
1055 1173 1348 1225 cognoverint
1370 1174 1415 1212 et
1436 1170 1686 1224 temporale
1714 1184 1746 1209 15

218 1235 468 1275 subsidium
516 1237 573 1281 et,
623 1234 660 1273 si
706 1233 917 1285 religioni
963 1231 1234 1279 studuerint,
1284 1232 1404 1271 certe
1452 1229 1687 1283 spirituale

217 1287 618 1333 instrumentumb.
672 1290 801 1341 Quod
824 1291 1038 1330 nimirum
1062 1290 1156 1330 eius
1183 1289 1496 1329 exhortatione
1523 1288 1688 1328 studio-

219 1352 310 1392 sius
343 1352 491 1403 agent,
525 1364 659 1403 quani
692 1350 790 1398 sibi,
826 1363 927 1389 cum
960 1362 1039 1401 per
1071 1361 1320 1388 sermonem
1348 1347 1609 1400 loqueretur
1631 1346 1688 1386 ad

220 1409 438 1463 populum
480 1411 525 1449 et
566 1422 645 1461 pro
685 1422 730 1448 se
763 1422 837 1449 eos
871 1420 996 1447 orare
1029 1407 1303 1460 deposceret,
1346 1405 1689 1446 consuetudina-

219 1468 358 1508 riamc
405 1468 577 1508 fecerat
619 1470 663 1507 et
702 1466 963 1520 specialem:
1008 1465 1084 1517 qui
1125 1479 1204 1518 pro
1247 1464 1335 1505 alio
1369 1464 1542 1504 scilicet
1574 1464 1684 1511 orat,
1714 1476 1747 1500 20

221 1540 266 1567 se
298 1527 444 1579 ipsum
478 1525 684 1566 absolvit.
733 1525 779 1565 Si
811 1525 952 1577 igitur
984 1537 1063 1577 pro
1097 1537 1148 1563 eo
1175 1525 1355 1563 orantes
1377 1523 1554 1562 nosmet
1576 1521 1687 1561 arbi-

220 1588 394 1625 tramur
425 1584 609 1627 absolvi,
644 1584 889 1623 absurdum
913 1584 980 1622 est
1006 1582 1046 1622 ei
1072 1581 1350 1627 subtrahere,
1386 1577 1533 1632 quodss
1560 1579 1688 1619 nobis

220 1644 329 1696 ipsis
370 1656 459 1682 11011
503 1642 762 1682 dubitamus
803 1641 1005 1694 impendi
1046 1642 1181 1692 atque
1223 1652 1417 1679 manere.
1480 1638 1537 1677 In
1577 1651 1689 1678 com-

222 1715 355 1742 mune
387 1701 528 1753 igitur
560 1714 612 1740 ex
644 1714 763 1740 nunc
797 1702 842 1740 et
873 1701 983 1739 tunc
1017 1712 1097 1752 pro
1130 1712 1181 1738 eo
1205 1697 1260 1737 ab
1284 1697 1491 1737 omnibus
1515 1709 1690 1749 semper

223 1760 279 1800 ad
308 1759 450 1800 Deum
482 1759 656 1799 levetur
682 1758 840 1805 oratio,
875 1759 937 1805 ut,
973 1757 1081 1797 siin
1115 1755 1271 1810 poenis
1304 1757 1383 1804 est,
1419 1755 1552 1795 citius
1584 1754 1690 1794 libe·
1716 1767 1749 1792 25

220 1820 358 1867 retur,
398 1820 442 1858 et
475 1818 512 1857 si
544 1817 744 1857 nondum
777 1816 933 1856 audire
966 1814 1178 1856 meruitl:
1223 1813 1348 1854 Serve
1386 1812 1536 1864 fidelis,
1573 1811 1689 1852 ‘imm

220 1875 267 1916 Δἱη
304 1875 506 1927 gaudium
547 1874 724 1915 Domini
765 1873 835 1925 fieti,
884 1875 1045 1914 saltem
1092 1873 1212 1913 inter
1252 1885 1326 1912 eos
1366 1872 1626 1912 inveniatur
1666 1884 1690 1910 a

222 1935 403 1983 dextris,
446 1934 608 1986 quibus
651 1936 718 1974 est
758 1933 807 1972 in
838 1933 925 1972 fine
959 1931 1249 1972 dicendum‘2:
1294 1929 1449 1980 Venite,
1491 1926 1691 1970 benedicti

214 1991 355 2044 patris
393 1991 484 2043 mei,
528 1991 730 2042 possidete
768 1994 968 2042 perrarum
999 1989 1113 2030 vobis
1152 2002 1336 2040 requam,
1378 2001 1457 2042 per
1498 1987 1691 2028 eundem

224 2051 455 2091 dominum
486 2052 690 2090 nostrum
715 2050 865 2090 Iesum
890 2048 1133 2096 Christum,
1168 2048 1245 2100 qui
1277 2061 1379 2087 cum
1413 2046 1569 2087 eodem
1593 2045 1690 2085 Deo
1717 2058 1750 2083 30

223 2111 350 2162 patre
383 2109 429 2148 111
462 2109 638 2149 unitate
673 2108 868 2161 Spiritus
901 2107 1047 2148 sancti
1077 2107 1190 2147 vivit
1217 2108 1262 2146 et
1284 2106 1446 2158 regnat
1467 2104 1590 2144 Deus
1614 2116 1692 2157 per

224 2168 373 2208 omnia
407 2167 559 2208 secula
592 2167 859 2207 seculorum.
922 2166 1081 2206 Amen.

224 2260 513 2300 EXPLICIT
545 2260 692 2299 VITA
733 2258 1047 2300 BENNONIS
1081 2257 1360 2298 EPISCOPI
1394 2254 1691 2297 OsNABRU—

293 2329 522 2378 GENSIS,
559 2328 949 2370 FUNDATORIS
981 2328 1203 2369 NOSTRI
1235 2325 1631 2368 MONASTERH.

226 2456 254 2484 a)
280 2455 340 2483 egit
367 2462 476 2483 ‹1»112rs;
502 2456 645 2478 cumulari
665 2462 730 2485 ey0;
749 2455 784 2483 cf.
806 2462 896 2484 ,supra
911 2462 942 2484 p,
956 2454 970 2477 2
991 2454 1039 2480 l,4
1129 2453 1158 2483 b)
1183 2454 1224 2477 rita
1244 2452 1400 2483 G(S?)IE,·
1426 2452 1633 2476 incrementum
1656 2449 1692 2480 N,
1719 2451 1751 2477 35

226 2490 260 2518 vs.
281 2497 369 2519 snpra
385 2498 415 2519 st.
429 2490 444 2513 2
465 2490 482 2515 l.
497 2492 512 2513 ἱ)
586 2491 610 2519 c)
631 2488 920 2514 consuetudinarium
941 2489 963 2511 G'
1038 2489 1066 2518 d)
1087 2495 1144 2519 quo
1164 2488 1199 2513 G.

229 2596 261 2635 1)
285 2594 409 2627 metm.
438 2596 492 2637 25,
519 2596 573 2627 21.
671 2594 705 2637 2)
733 2593 858 2627 Matth.
887 2595 942 2634 25,
969 2595 1023 2627 34.
