1829 3070
131 927 164 950 10

133 1243 164 1267 15

133 1830 166 1854 25

135 2112 168 2136 30

135 2404 168 2430 35

329 261 455 296 VITA
481 260 734 295 BENNONIS
760 260 812 295 II.
839 258 1063 294 EPISCOPI
1090 256 1518 293 OSNABRUGENSIS.
1617 260 1659 291 29

186 384 234 424 in
267 397 319 425 eo
352 383 640 436 aliquatenus
676 382 905 422 minuatur
937 379 1213 433 obsequium,
1258 381 1364 418 auta
1403 376 1660 429 legentibus

187 443 337 496 pariat
378 454 594 495 arrogans
636 440 875 493 longitudo
916 438 1208 486 fastidium²²;
1255 437 1513 490 praesertim
1554 436 1659 475 dum

187 503 312 542 totus
346 500 480 540 huius
513 499 788 540 sermunculi
822 499 1060 539 contextus
1093 496 1220 536 nulla
1253 509 1331 549 per
1363 497 1559 535 nostram
1585 494 1660 533 im-

188 559 397 613 peritiam
445 558 669 599 allevetur
716 557 868 610 lepida
914 555 1239 609 compositione
1280 553 1533 599 verborum,
1582 554 1660 591 aut

188 618 346 671 lingua
393 630 494 658 eum
543 616 728 669 politior
769 614 995 656 coloribus
1037 627 1143 654 suae
1182 612 1420 653 facultatis
1462 613 1659 651 exornet.

187 677 417 729 Rogamus
451 676 616 723 autem,
651 676 716 722 ut,
750 674 787 714 si
820 674 896 726 qui
928 673 1048 714 forte
1082 672 1193 713 haec
1226 671 1374 723 legere
1399 670 1659 722 dignantur,

188 737 390 775 nostrum
427 733 579 787 potius
612 732 827 774 affectum
851 745 983 785 quam
1009 731 1146 771 verba
1169 729 1468 771 considerent.
1517 726 1659 778 Quem

189 793 322 842 enim,
357 793 394 833 si
427 792 628 833 conditio
661 791 850 832 miserae
884 789 1176 831 mortalitatis
1210 787 1491 835 concederet,
1534 799 1661 839 cupe-

188 865 338 893 remus
380 864 555 904 semper
596 851 763 891 habere
806 849 1046 897 viventem,
1093 848 1147 888 de
1189 860 1240 887 eo
1283 846 1443 886 saltem
1486 847 1662 885 mortuo

188 924 270 951 nos
301 909 512 951 verbosos
535 922 631 950 esse
654 922 744 949 non
767 908 826 948 sit
848 921 1099 949 onerosum,
1134 908 1180 946 et
1211 905 1317 945 inde
1339 902 1662 944 irremediabili

190 968 335 1009 dolori
386 967 607 1008 solamina
658 979 884 1020 quaerere,
939 966 1059 1005 unde
1111 978 1200 1004 non
1253 976 1418 1016 magna
1469 962 1661 1002 sustinet

189 1027 333 1068 lector
365 1027 540 1067 ociosus
572 1026 788 1066 seriorum
822 1024 1072 1078 dispendia.
1131 1022 1218 1063 Sed
1250 1022 1339 1062 iam
1375 1033 1663 1074 properemus

190 1087 247 1126 ad
281 1085 382 1133 alia,
418 1098 532 1138 quae
564 1086 692 1125 motu
725 1083 888 1124 bellico
920 1083 1179 1135 interrupta
1211 1080 1483 1120 distulimus.

332 1170 401 1206 21.
449 1166 560 1207 Erat
592 1165 733 1219 igitur
765 1164 1111 1205 architectoriae
1135 1162 1256 1210 artis,
1292 1163 1343 1201 ut
1376 1161 1462 1201 iam
1498 1160 1661 1213 supra1
1700 1165 1715 1198 f

191 1226 489 1273 meminimus,
523 1224 655 1264 valde
689 1223 873 1277 peritus.
938 1221 1068 1272 Quod
1108 1221 1144 1261 si
1186 1220 1285 1274 quis
1318 1220 1363 1259 in
1396 1219 1466 1258 his
1499 1218 1663 1258 nostris

191 1284 407 1326 aedificiis
447 1285 687 1336 tantopere
729 1296 816 1322 non
861 1294 1076 1335 apparere
1118 1279 1357 1327 notaverit,
1401 1278 1514 1318 sciat
1552 1277 1662 1317 haec

190 1357 270 1397 per
302 1343 397 1384 eius
430 1342 680 1383 absentiam
716 1340 910 1381 maxima
951 1353 1003 1381 ex
1044 1341 1174 1393 parte
1215 1337 1355 1377 fuisse
1389 1337 1661 1376 constructa,

189 1402 237 1442 in
269 1402 433 1454 quibus
463 1401 584 1441 tanti
616 1400 769 1440 extitit
801 1398 954 1447 studii,
990 1400 1040 1437 ut
1072 1411 1128 1438 ne
1161 1396 1372 1449 expulsus
1405 1395 1585 1447 quidem
1619 1397 1662 1434 et

190 1460 449 1513 longinquis
481 1459 742 1512 regionibus
783 1471 962 1498 morans
1004 1470 1083 1510 per
1115 1455 1238 1501 alios,
1281 1454 1444 1507 quibus
1486 1453 1569 1492 hoc
1602 1452 1663 1491 in-

132 1537 147 1561 2
190 1519 414 1567 iunxerat,
448 1518 503 1558 ab
537 1517 818 1558 aedificando
852 1515 1105 1556 cessaverit.
1164 1513 1295 1553 Unde
1327 1512 1445 1565 regis
1475 1510 1663 1564 imperio

189 1578 238 1617 in
261 1577 519 1631 Spirensem
551 1576 709 1616 urbem
736 1575 960 1615 adductus
985 1573 1216 1614 ecclesiam
1241 1571 1363 1611 illam
1390 1569 1663 1622 amplissime

191 1636 485 1677 sublimatam
517 1637 563 1675 et
595 1647 702 1688 prae
736 1632 1051 1686 magnitudine
1085 1630 1230 1685 operis
1263 1630 1410 1669 minus
1453 1632 1584 1668 caute
1617 1627 1662 1666 in

191 1695 341 1735 Rheni
387 1693 586 1733 fluminis
633 1692 764 1732 littus
813 1693 1042 1731 extentam
1092 1689 1284 1729 inaximo
1326 1687 1507 1740 ingenio
1551 1686 1663 1725 diffi-

193 1753 358 1805 cilique
399 1754 564 1805 paratu
605 1750 776 1804 egregii
817 1749 962 1803 operis
1003 1748 1206 1788 novitate
1249 1746 1453 1800 perfecit,
1503 1747 1548 1784 et
1589 1744 1663 1783 im-

192 1824 369 1852 mensas
392 1824 600 1851 saxorum
624 1809 776 1857 moles,
801 1822 856 1848 ne
879 1807 1076 1847 fluminis
1098 1806 1293 1845 illisione
1312 1805 1662 1848 subverteretur,

193 1870 420 1911 obstruxit
435 1869 461 1908 2.
510 1867 623 1908 Cum
656 1868 810 1920 itaque
844 1867 927 1906 hac
961 1865 1194 1906 occasione
1228 1863 1405 1916 saepius
1437 1861 1545 1901 illuc
1578 1862 1664 1900 i‘rer

194 1928 398 1975 haberet,
441 1921 793 1980 Sigebergenseb
841 1924 1105 1965 coenobium
1122 1923 1148 1972 3,
1197 1922 1317 1975 quod
1365 1934 1415 1961 eo
1461 1922 1664 1972 tempore

194 1986 426 2040 religionis
475 1985 790 2026 aestimatione
839 1983 1049 2024 eximium
1102 1981 1348 2028 ferebatur,
1404 1977 1664 2032 hospitandi

195 2045 342 2100 gratia
375 2045 598 2085 divertere
631 2043 790 2084 solitus
824 2043 933 2083 erat.
983 2041 1072 2081 Ubi
1105 2041 1211 2080 dum
1245 2051 1419 2091 semper
1451 2051 1551 2077 cuni
1585 2049 1664 2089 pro

195 2104 264 2144 sui
305 2103 480 2151 merito,
514 2105 613 2142 tum
647 2102 784 2142 etiam
826 2114 905 2153 pro
946 2098 1199 2140 reverentia
1241 2096 1411 2137 domini
1445 2094 1662 2137 Annonis,

195 2163 267 2203 cui
307 2175 391 2202 nec
433 2161 651 2201 defuncto
690 2159 871 2212 quidem
914 2157 1060 2198 fidelis
1101 2169 1195 2196 esse
1238 2155 1426 2201 destitit,
1471 2153 1663 2193 maximo

194 2221 375 2261 debitae
433 2219 636 2259 caritatis
693 2217 996 2270 susciperetur
1053 2214 1217 2263 officio,
1271 2211 1519 2253 venerabili
1569 2211 1663 2251 viro

193 2279 317 2319 illius
358 2278 446 2318 loci
487 2277 643 2317 abbati
675 2275 980 2329 Reginhardo,
1023 2273 1132 2327 quid
1163 2273 1211 2312 in
1244 2271 1484 2325 Iburgensi
1517 2272 1664 2309 castro

193 2337 427 2390 inceperit,
475 2336 595 2376 inter
641 2334 1032 2375 sermocinandum
1079 2331 1296 2375 innotuit,
1337 2329 1463 2382 gravi
1511 2327 1663 2368 dolore

195 2397 479 2448 conquestus,
503 2394 624 2447 quod
645 2393 853 2438 fratrum,
878 2405 988 2444 quos
1010 2390 1219 2444 primitus
1242 2389 1505 2429 adduxerat,
1532 2385 1664 2426 valde

195 2457 312 2495 esset
342 2453 646 2494 instabilitate
679 2451 938 2492 deterritus.
993 2449 1194 2501 Cumque
1227 2447 1365 2488 abbas
1396 2446 1474 2486 ille
1506 2444 1665 2484 intime

195 2527 297 2554 eum
330 2513 546 2558 moneret,
580 2524 636 2551 ne
668 2511 771 2550 ideo
804 2511 965 2562 coepto
998 2508 1248 2551 desisteret,
1291 2506 1368 2546 sed
1410 2518 1461 2545 eo
1500 2502 1665 2544 studio-

197 2571 288 2611 sius
319 2571 563 2618 insisteret,
597 2583 684 2622 quo
719 2567 952 2608 difficilius
984 2567 1199 2607 inchoata
1230 2564 1536 2609 succederent,
1578 2561 1665 2601 dia-

196 2694 225 2728 a)
244 2698 296 2720 aut
314 2709 348 2713 —
366 2695 525 2727 fastidium,
546 2696 620 2727 quod
640 2701 674 2719 ex
693 2694 788 2718 SNIE
804 2694 915 2723 danum,
936 2693 1008 2716 dees!
1028 2692 1052 2715 G
1125 2690 1154 2723 b)
1175 2690 1394 2722 Sygebergense
1415 2689 1447 2713 G.

137 2800 172 2824 40
200 2790 232 2831 1)
261 2789 344 2830 Cap.
372 2789 404 2822 9.
516 2789 551 2830 2)
583 2789 636 2829 Cf.
662 2788 782 2830 Meyer
815 2797 880 2820 von
905 2786 1061 2819 Knonau
1093 2785 1112 2819 Ζ,
1140 2795 1165 2818 c.
1201 2783 1230 2824 I,
1257 2784 1335 2818 580.
1444 2782 1478 2823 3)
1514 2779 1666 2812 Ecclesia

197 2836 405 2868 monasterii
439 2835 478 2866 in
514 2835 638 2877 oppido
675 2835 846 2876 Sieyburq
886 2833 947 2875 (ad
984 2833 1106 2874 Sz'yam
1143 2832 1288 2872 fluvium
1322 2830 1401 2870 sito)
1442 2827 1485 2860 ab
1524 2827 1668 2859 Annone

198 2882 344 2924 fundati
368 2891 399 2915 a.
427 2882 528 2916 1066.
554 2881 712 2914 dedicata
737 2884 796 2921 est,
820 2881 867 2921 cf.
893 2880 1013 2921 Meyer
1038 2889 1102 2912 root
1127 2877 1283 2910 Knouau
1310 2876 1330 2911 l.
1356 2886 1381 2909 c.
1413 2875 1442 2917 Ι,
1471 2875 1549 2908 528.
