1829 3070
125 953 157 978 10

126 1245 158 1270 15

125 1539 159 1563 20

125 1831 159 1857 25

127 2124 160 2149 30

130 2468 163 2494 35

130 2754 166 2778 40

325 265 451 300 VITA
477 264 730 300 BENNONIS
758 265 808 303 II.
835 266 1062 301 EPJSCOPI
1088 266 1516 303 OSNABRUGENSIS.
1616 270 1659 304 19

184 387 457 428 monasterio
491 389 751 428 constructo
785 387 1068 441 praediisque
1107 388 1339 441 acquisitis
1379 387 1657 429 abbatiolam

184 446 487 499 qualicunque
519 446 743 486 facultate
777 446 990 487 inchoare
1023 446 1222 494 deberet,
1256 447 1351 487 eius
1384 448 1535 487 autem
1564 459 1657 500 per-

185 506 315 546 ficere
349 507 478 553 esset,
514 518 540 545 a
571 518 658 558 quo
693 504 810 545 bona
842 506 1007 545 cuncta
1040 505 1303 558 procedunt,
1346 507 1392 546 et
1432 506 1525 559 ipse
1565 518 1657 558 per-

184 563 317 611 ficiet,
352 563 639 603 confirmabit
671 562 988 616 solidabitque.

329 647 393 684 16.
451 644 539 684 Sed
586 645 675 684 iam
722 645 1064 697 ingravescente
1111 645 1254 698 magis
1303 646 1428 698 peste
1476 644 1652 694 bellica,

184 717 285 744 cum
333 703 419 743 sibi
465 703 668 756 quotidie
713 703 851 744 etiam
898 703 953 744 ab
1008 703 1162 744 amicis
1215 703 1526 756 captivitatem
1577 705 1656 743 aut

184 764 373 803 mortem
420 762 655 802 imminere
703 762 998 815 conspiceret,
1047 775 1226 802 suorum
1278 762 1415 802 etiam
1464 761 1654 802 maxime

182 820 456 861 infidelitate
498 821 765 873 perterritus
813 821 977 861 iterum
1026 834 1105 874 pro
1152 823 1355 873 tempore
1404 820 1654 860 cedendum

183 879 363 932 putavit
378 878 404 926 1,
439 881 483 918 et
517 879 758 932 episcopio,
792 881 927 932 prout
958 881 1068 919 tunc
1092 879 1255 932 potuit,
1291 878 1508 932 disposito
1530 877 1655 918 urbe-

183 937 296 990 que²
337 937 574 977 commissa
612 938 694 982 his,
739 937 794 978 de
835 951 1026 990 quorum
1064 937 1151 977 fide
1185 937 1367 977 minime
1401 936 1653 984 dubitabat,

183 1009 284 1036 cum
326 995 439 1043 aliis,
477 995 554 1048 qui
587 995 770 1049 plurimi
811 1009 890 1049 pro
932 995 1123 1036 arctiore
1165 995 1386 1036 fidelitate
1427 995 1475 1034 in
1505 1008 1656 1047 regem

183 1055 238 1094 de
272 1055 356 1094 hac
388 1054 573 1106 regione
596 1054 771 1107 expulsi
794 1055 912 1101 sunt,
947 1053 1210 1108 parvissimo
1232 1067 1414 1094 suorum
1439 1053 1657 1093 comitatu

184 1113 240 1152 ad
286 1126 438 1165 regem
486 1113 718 1165 profectus
765 1115 846 1153 est.
920 1114 958 1152 A
1000 1126 1087 1165 quo
1135 1112 1378 1152 admodum
1421 1114 1656 1164 gratanter

183 1174 433 1224 susceptus,
467 1171 702 1223 aliquanto
747 1184 849 1211 cum
891 1183 943 1211 eo
985 1173 1187 1223 tempore
1221 1172 1522 1218 conversatus,
1567 1170 1655 1210 iam

182 1233 362 1283 tempus
392 1229 626 1270 advenisse
660 1229 952 1282 conspiciens,
987 1242 1074 1282 quo
1103 1229 1416 1269 decimationis
1439 1242 1544 1268 suae
1567 1228 1655 1268 iam

182 1290 314 1328 tanto
345 1291 549 1341 tempore
581 1288 804 1329 violenter
836 1287 1016 1328 ablatae
1049 1288 1326 1328 commodius
1349 1289 1500 1340 posset
1523 1300 1657 1326 causa

182 1347 371 1387 tractari
386 1348 412 1395 3,
446 1359 503 1387 ne
536 1347 736 1399 spacium
769 1346 1065 1399 ingratissimi
1097 1346 1182 1386 ocii
1215 1346 1260 1385 in
1295 1345 1465 1399 palatio
1490 1346 1657 1397 (legens

184 1419 365 1458 prorsus
396 1405 560 1446 inutile
595 1406 792 1453 duceret,
827 1405 1018 1458 propriis
1051 1404 1260 1458 primitus
1291 1404 1459 1451 amicis,
1494 1403 1657 1444 deinde

183 1465 302 1517 regis
357 1463 660 1503 familiaribus
705 1465 864 1504 tantae
917 1463 1246 1504 controversiae
1298 1462 1654 1515 querimoniama

182 1522 456 1562 insinuando
498 1522 682 1562 detexit.
755 1521 843 1571 Qui
884 1534 1039 1561 omnes
1079 1521 1177 1575 pari
1218 1521 1366 1560 animo
1412 1520 1657 1572 eademque

185 1581 375 1621 caritate
433 1581 765 1634 promptissime
832 1580 872 1620 ei
939 1579 1192 1620 voluntarie
1258 1578 1475 1618 auxilium
1532 1578 1658 1631 polli-

185 1642 351 1686 centes,
386 1639 511 1679 brevi
543 1639 813 1692 persuadere
847 1640 1107 1691 potuerunt,
1141 1639 1193 1677 ut
1215 1637 1333 1690 regis
1356 1636 1657 1677 familiaribus

185 1711 319 1738 causa-
351 1697 589 1737 commissa
630 1711 710 1750 pro
753 1710 797 1737 se
841 1710 914 1737 eos
956 1697 1081 1749 loqui
1114 1697 1376 1750 deposceret
1410 1697 1455 1735 et
1487 1695 1657 1748 regiam

184 1755 269 1796 sibi
315 1756 364 1795 in
410 1756 495 1795 hac
544 1750 808 1795 dumtaxatb
859 1768 907 1795 re
960 1754 1336 1801 benevolentiam,
1391 1766 1657 1806 quacunque

185 1817 369 1868 possent
417 1816 527 1860 arte,
577 1816 905 1867 compararent.
978 1813 1085 1852 Erat
1133 1813 1251 1853 enim
1295 1826 1346 1852 ea
1386 1813 1657 1864 tempestate

185 1874 287 1926 post
320 1872 500 1913 ablatae
534 1872 847 1912 decimationis
880 1873 1086 1924 tempora
1119 1871 1319 1911 eiusdem
1344 1869 1657 1910 decimationis

184 1931 472 1972 rehabendae
505 1931 867 1971 commodissima
898 1931 1035 1969 ratio:
1079 1929 1285 1982 inprimis
1317 1928 1530 1968 videlicet
1571 1941 1657 1967 om-

184 1990 311 2030 nium
344 1989 635 2030 ecclesiarum
668 1989 740 2030 vel
773 1989 1085 2042 episcoporum
1109 2001 1189 2027 sua
1211 1987 1362 2028 omnia
1384 1986 1657 2040 potestative

187 2048 413 2101 possidere
447 2051 493 2088 et
526 2048 763 2101 disponere
797 2047 960 2088 debere
994 2046 1138 2087 libera
1169 2045 1366 2085 facultas
1400 2047 1445 2085 et
1478 2057 1658 2085 consue-

184 2107 296 2146 tudo
345 2107 616 2155 communis3
663 2109 764 2145 tum
812 2105 949 2145 etiam
992 2105 1111 2157 quod
1152 2105 1247 2156 ipse
1295 2104 1530 2156 episcopus
1579 2116 1658 2155 pro

185 2165 302 2217 regis
335 2164 571 2212 fidelitate,
606 2164 814 2204 omnibus
848 2165 893 2203 et
926 2162 1213 2215 amplissimis
1247 2161 1416 2201 divitiis
1451 2161 1658 2209 dimissis,

187 2224 244 2263 ad
276 2236 380 2263 eum
412 2224 560 2262 nudus
594 2226 638 2263 et
670 2223 889 2276 profugus
930 2221 1138 2269 venisset,
1183 2234 1315 2273 quam
1356 2220 1513 2272 utique
1554 2232 1660 2272 rege

188 2282 326 2334 digna
366 2281 678 2321 munificentia
717 2279 996 2321 remunerari
1036 2280 1287 2332 oporteret;
1337 2277 1501 2318 dehinc
1549 2277 1660 2317 alios

185 2340 282 2393 regi
314 2339 540 2380 fideliores
572 2340 764 2387 futuros,
808 2339 845 2378 si
882 2338 1017 2377 huius
1051 2337 1284 2378 devotioni
1324 2337 1461 2389 digna
1498 2336 1659 2376 fuisset

187 2465 216 2498 a)
236 2466 456 2496 queremoniam
474 2466 497 2488 G
570 2465 599 2495 b)
619 2465 764 2489 duntaxat
783 2465 818 2490 G.

191 2559 223 2600 1)
248 2559 302 2599 Cf.
320 2569 434 2602 supra
453 2570 491 2602 p.
509 2559 562 2599 12,
580 2559 602 2592 l.
620 2559 682 2592 16:
710 2556 909 2589 cedendum
926 2556 1077 2599 putavit,
1101 2559 1130 2588 et
1146 2566 1234 2598 quae
1250 2555 1290 2588 cle
1306 2555 1368 2587 hoc
1387 2556 1465 2595 {0007
1489 2554 1663 2596 hucusque

188 2615 257 2638 non
287 2609 374 2637 recte
400 2605 577 2646 intellecto,
604 2606 758 2637 disserui
782 2605 904 2636 ‘Neues
928 2603 1071 2635 Archiv’
1097 2602 1280 2643 XXVIII,
1309 2602 1375 2636 125
1391 2612 1418 2635 s,
1467 2600 1665 2632 Verisimile

188 2655 238 2684 est
261 2652 460 2684 Bennonem
492 2653 631 2684 circiter
664 2651 774 2684 medio
806 2661 898 2682 anno
928 2651 1029 2684 1076.
1056 2660 1098 2681 ea:
1124 2650 1286 2682 Sczoeonia
1319 2649 1366 2680 ad
1401 2649 1537 2680 curiam
1572 2648 1665 2688 reyis

189 2699 353 2732 Heinrici
376 2699 520 2740 fiuyisse.
618 2699 652 2740 2)
676 2698 757 2731 Scil.
784 2707 869 2730 novo
894 2696 1030 2729 castello
1056 2697 1094 2728 in
1125 2700 1236 2728 monte
1262 2695 1450 2736 Ihm-‚qemi
1472 2693 1662 2734 aedificato.

190 2746 226 2787 3)
265 2745 316 2777 De
350 2744 406 2777 lite
432 2745 471 2778 ob
505 2746 653 2778 decimas
681 2744 962 2785 Osnahrayenses
986 2743 1048 2774 diu
1071 2746 1254 2786 protracta
1279 2745 1309 2774 et
1334 2742 1378 2773 ab
1403 2740 1572 2772 Heinrico
1597 2739 1621 2771 I
1625 2739 1662 2774 V.

190 2792 373 2833 composita
391 2791 437 2831 cf.
459 2791 639 2834 WHmans,
654 2790 987 2823 ‘Kaisermlcunden
1004 2790 1066 2821 der
1080 2788 1234 2821 Proz-inz
1253 2787 1456 2828 lVestfctIen’
1470 2787 1499 2827 I,
1516 2788 1583 2821 319
1597 2796 1641 2820 ss.
1652 2798 1665 2825 ,·

191 2836 362 2880 Philippi,
397 2838 655 2872 ‘osnabraclcer
696 2837 990 2871 Urkzmdenbuch’
1020 2836 1050 2876 I,
1078 2846 1116 2878 p.
1136 2841 1186 2865 IX
1196 2846 1264 2870 ss.:
1301 2834 1446 2867 Brancli
1479 2835 1517 2865 in
1542 2833 1665 2866 ‘West-

190 2885 346 2917 deutsche
369 2885 579 2925 Zeitschrift
603 2885 669 2925 fiir
696 2884 893 2917 Gesclzichte
917 2883 991 2915 und
1017 2881 1147 2915 szsi’
1172 2882 1277 2924 XIX,
1305 2883 1429 2915 11235.

1341 2949 1384 2984 2*

1685 651 1757 691 (20)

1684 1119 1783 1153 1076.
