1854 3050
94 1894 167 1937 (28)

7 1952 170 1997 1082183.

74 2479 172 2513 1084.

206 260 251 293 30
320 301 323 304 Δ
347 257 473 292 VITA
499 257 751 292 BENNONIS
777 258 828 295 II.
854 258 1082 294 EPISOOPI
1108 260 1535 299 OSNABRUGENSIS.

206 378 298 418 boli
330 378 512 418 firmans
545 378 864 432 affirmansque
896 380 1134 421 fraudibus
1164 381 1278 422 talia
1309 383 1486 424 evenire
1518 383 1673 434 solere,

205 436 278 476 cui
310 436 425 475 nihil
458 437 600 489 magis
633 438 867 478 adversum
903 439 1108 492 nihilque
1141 440 1338 481 odiosius
1371 443 1501 490 esset,
1541 456 1674 494 quam

205 494 383 535 divinae
415 494 612 548 aliquem
645 496 831 549 obsequi
861 497 1089 538 voluntati
1127 499 1432 552 spiritalisque
1474 501 1676 541 exercitii

204 553 506 593 instrumenta
539 554 775 595 animabus
807 569 966 608 parare
989 556 1235 597 salvandis:
1270 558 1425 598 statim
1447 559 1675 611 oportuni-

202 613 298 652 tate
321 611 426 651 talis
449 613 776 654 exhortationis
799 614 965 663 oblata,
1000 615 1123 655 omni
1145 616 1488 669 supplicationis
1511 630 1674 669 genere

203 683 443 722 suggerere
477 672 626 723 coepit
659 671 825 721 abbati,
859 675 912 712 ut
943 673 989 712 in
1023 687 1130 714 suae
1162 675 1451 727 paternitatis
1472 675 1674 727 regimen

202 727 351 768 locum
393 729 667 782 suscipereta
711 731 965 784 fratresque
1017 733 1232 785 dirigeret
1277 733 1533 785 irrigationi
1580 735 1673 773 tam

201 786 406 826 novellae
430 787 726 840 plantationis
748 789 947 837 idoneos,
982 790 1104 830 omni
1126 803 1171 831 se
1195 791 1257 830 eis
1281 791 1431 831 studio
1455 791 1673 844 pollicens

202 858 439 897 corporum
479 847 732 886 necessaria
773 847 1060 896 collaturum,
1103 862 1183 902 pro
1221 849 1312 889 suis
1344 849 1517 889 scilicet
1549 851 1673 890 semi—

201 903 320 943 natis
354 904 609 944 carnalibus
642 908 811 946 metere
844 907 1029 959 cupiens
1061 907 1316 960 spiritualia
1339 908 1534 948 eoru1n1.
1584 908 1671 949 Sed

202 957 387 1010 abbasb,
432 963 497 1001 vir
537 964 774 1015 prudentis
815 965 999 1017 ingenii,
1043 966 1245 1018 quamvis
1287 979 1365 1019 per
1407 979 1451 1006 sc
1485 969 1671 1007 cunctos

201 1020 417 1072 proficere
440 1021 620 1073 suisque
642 1022 867 1062 institutis
891 1026 1076 1076 cuperet
1098 1024 1262 1064 salvari
1284 1038 1415 1076 quam
1440 1024 1670 1077 plurimos,

201 1092 291 1118 non
323 1079 458 1119 facile
492 1079 586 1119 eius
619 1081 827 1132 precibus
861 1082 1142 1133 acquiescere
1174 1083 1331 1128 voluit,
1367 1083 1490 1135 prius
1522 1083 1671 1123 locum

200 1137 364 1176 istum
403 1138 544 1177 visere
584 1140 807 1187 tractans3
850 1139 982 1180 Valde
1024 1141 1156 1189 enini,
1199 1154 1313 1193 quae
1346 1141 1494 1181 adhuc
1528 1141 1673 1194 acqui-

202 1195 349 1239 sierat,
394 1196 579 1248 praedia
617 1199 746 1236 erant
785 1198 946 1250 exigua
988 1201 1033 1239 et
1073 1200 1144 1238 tot
1185 1196 1480 1248 necessari-ad,
1524 1213 1592 1249 ne,
1636 1200 1673 1239 si

200 1267 304 1293 suos
336 1254 383 1292 in
414 1254 635 1294 incertum
671 1255 835 1296 fratres
870 1257 1097 1309 dirigeret,
1142 1257 1287 1298 simile
1326 1258 1433 1310 quid
1468 1258 1529 1298 eis
1562 1258 1671 1298 acci—

200 1312 339 1359 deret,
390 1314 509 1365 quod
558 1315 603 1353 et
644 1313 744 1353 aliis
792 1315 1006 1355 accidisse
1049 1319 1342 1369 compererat.
1415 1318 1565 1369 Atque
1605 1317 1672 1356 ita

200 1372 349 1410 rectae
381 1371 609 1411 voluntati
641 1386 857 1421 annuens,
893 1374 1153 1427 episcopum
1176 1376 1518 1427 praecedentem
1548 1374 1672 1415 brevi

200 1432 301 1481 post
333 1430 581 1481 sequiturss.
631 1430 683 1469 In
719 1431 854 1471 huius
887 1434 1039 1472 autem
1069 1433 1428 1473 consideratione
1455 1433 1543 1473 loci
1569 1447 1670 1473 cum

200 1487 351 1539 aliqua
399 1488 691 1541 displicerent
739 1492 784 1529 et
831 1490 1044 1543 pleraque
1095 1491 1336 1535 laudasset*
1391 1492 1582 1531 maxime
1630 1491 1671 1531 ei

198 1545 345 1585 fertur
379 1546 661 1599 displicuisse
703 1550 945 1601 paupertas
979 1550 1214 1602 reputanti
1254 1551 1301 1588 in
1342 1551 1427 1589 hoc
1466 1553 1669 1602 tempore

198 1604 303 1643 talis
345 1605 517 1657 negotii
558 1605 622 1644 nil
661 1606 824 1646 stabile
865 1607 1086 1654 futurum,
1136 1608 1255 1660 quod
1297 1622 1442 1648 rerum
1487 1608 1670 1647 munda-

198 1676 356 1702 narum
391 1663 671 1703 abundantia
713 1665 840 1704 nulla
880 1666 1113 1714 firmasset,
1151 1668 1196 1706 et
1228 1666 1359 1706 valde
1393 1680 1558 1719 paucos
1591 1669 1670 1706 aut

198 1720 348 1760 nullos
401 1735 502 1761 011111
555 1723 809 1775 indigentia
856 1724 1078 1776 corporali
1129 1725 1429 1765 monasticum
1476 1725 1670 1777 rigorem

198 1780 526 1831 aequanimiter
555 1794 649 1820 esse
682 1781 867 1829 laturos,
903 1796 1003 1822 cum
1035 1783 1082 1821 in
1106 1782 1471 1836 locupletissimis
1494 1796 1670 1835 quoque

199 1837 425 1877 coenobiis
459 1839 683 1879 districtio
716 1840 811 1879 sola
842 1840 1011 1880 multos
1043 1841 1226 1881 turbare
1260 1844 1530 1880 consuesset.

340 1899 407 1934 22.
451 1897 510 1936 Et
532 1897 594 1937 sic
618 1898 825 1938 omnibus
852 1899 938 1939 rite
963 1899 1190 1952 dispositis
1212 1899 1376 1939 iterum
1398 1900 1522 1951 regio
1545 1899 1669 1938 iussu

199 1954 407 1994 dominus
450 1955 685 2008 episcopus
726 1956 773 1995 in
806 1956 990 1996 Italiam
1024 1959 1091 1997 est
1125 1958 1354 2010 profectus
1369 1958 1395 2005 2,
1439 1957 1517 1997 ubi
1551 1971 1668 1997 anno

197 2012 376 2064 integro
409 2015 454 2052 et
475 2013 621 2053 tribus
645 2014 872 2054 mensibus
895 2015 941 2054 in
963 2015 1192 2055 Romanae
1216 2016 1412 2056 civitatis
1435 2015 1668 2056 obsidione

200 2072 266 2109 est
290 2071 519 2120 detentus;
552 2072 704 2124 nilque
728 2073 853 2112 aliud
875 2075 1006 2113 tanto
1027 2075 1244 2127 temporis
1267 2074 1416 2127 spacio
1439 2074 1503 2113 ibi
1525 2074 1668 2126 perhi-

199 2128 331 2168 betur
346 2130 500 2181 egisse,
520 2130 606 2169 nisi
621 2131 657 2169 si
671 2131 790 2171 forte
807 2131 893 2171 'Dei
907 2132 1163 2185 opitulante
1179 2132 1420 2173 clementia-
1437 2146 1537 2172 011111
1554 2132 1666 2180 aliis,

199 2200 388 2238 quorum
421 2188 544 2228 Deus
584 2189 801 2242 tetigerat
843 2191 990 2239 corda,
1033 2204 1188 2243 pacem
1229 2191 1349 2231 inter
1386 2204 1460 2231 eos
1493 2193 1537 2230 et
1570 2204 1668 2230 0011-

199 2245 396 2285 cordiam
429 2247 578 2287 sacere
611 2250 775 2300 posset.
823 2248 944 2289 Pene
978 2249 1095 2288 enim
1130 2249 1333 2301 quotidie
1365 2249 1486 2289 inter
1517 2262 1668 2301 regem

199 2305 244 2342 et
278 2317 437 2356 papam
472 2305 785 2345 internuncius
819 2320 1013 2355 currens,
1057 2307 1159 2360 plus
1201 2321 1314 2360 pene
1347 2307 1573 2347 laborasse
1608 2306 1667 2346 di-

199 2361 316 2400 citur
356 2362 402 2400 in
444 2377 552 2415 pace
593 2364 815 2413 facienda,
860 2379 992 2417 quam
1034 2366 1081 2404 in
1123 2366 1275 2418 aliqua
1306 2366 1455 2406 facere
1489 2377 1667 2405 consue-
1694 2381 1708 2404 3

198 2419 334 2459 visset
368 2421 652 2473 expeditione
686 2422 921 2462 bellorum.
971 2423 1058 2463 Sed
1093 2437 1191 2463 cum
1226 2424 1487 2463 nullatenus
1517 2424 1668 2476 posset

200 2477 448 2518 obstinatia
485 2481 616 2519 tanta
657 2481 836 2528 molliri,
884 2482 1082 2527 tandem,
1133 2482 1315 2521 civitate
1363 2482 1533 2521 tradita
1572 2494 1667 2533 pro-

200 2535 372 2576 ditione
415 2537 579 2576 civium
594 2539 620 2586 ³³,
664 2552 781 2591 papa
824 2539 1164 2579 Hildebrandus
1204 2540 1316 2592 fuga
1358 2539 1535 2592 elapsus
1576 2552 1668 2578 non

198 2641 224 2665 a)
250 2641 278 2661 ct
298 2638 465 2667 religiosum
486 2639 580 2662 virum
603 2638 801 2664 Adelhardum
823 2641 956 2664 abbatem
984 2641 1151 2664 instfflmret
1177 2641 1242 2666 add,
1263 2640 1356 2664 SNIE
1431 2640 1459 2669 b)
1486 2640 1667 2669 ‚Sibai-gensis

199 2672 264 2697 (ald.
286 2672 381 2696 SNIE
462 2679 487 2700 c)
517 2674 556 2696 ita
577 2676 617 2703 (J;
646 2675 727 2698 illnm
748 2675 843 2698 SNIE
919 2676 946 2705 11)
966 2677 1195 2700 necessariorum
1215 2682 1324 2705 onanes;
1350 2676 1504 2699 emendavit
1533 2675 1668 2698 lf'ilmans

199 2714 225 2734 e)
255 2707 318 2731 visu
339 2708 524 2738 probaturus,
552 2709 629 2739 quod
657 2710 759 2733 auditu
788 2713 963 2740 perceperat
991 2711 1057 2736 add.
1083 2710 1193 2742 SNJE;
1224 2717 1294 2740 qnae
1320 2711 1402 2733 ret-Im
1431 2711 1555 2738 fortasse
1582 2710 1666 2733 etiam

199 2742 226 2764 in
248 2743 304 2765 rita
320 2744 444 2772 yenuina
459 2744 566 2774 scripla
586 2746 675 2770 erant,

200 2823 232 2863 1)
262 2823 315 2862 Cf.
345 2825 373 2857 1.
396 2824 471 2858 Cor.
498 2827 530 2865 9,
551 2827 603 2858 11.
700 2826 735 2866 2)
767 2825 874 2857 Initio
908 2836 941 2859 α.
969 2827 1069 2860 1083.
1104 2827 1172 2858 sive
1195 2826 1259 2857 sub
1284 2827 1385 2866 finem
1421 2837 1453 2860 α.
1481 2827 1581 2866 1082,
1618 2825 1664 2865 cf.

198 2869 320 2901 ‘Neues
344 2871 487 2902 Arclzz‘v'
513 2871 694 2913 XXVIII,
724 2873 800 2905 124.
898 2874 932 2914 3)
956 2872 1021 2904 Dete
1047 2874 1100 2906 21.
1127 2883 1172 2907 m.
1198 2873 1328 2904 Martii
1350 2884 1382 2907 a.
1404 2874 1503 2907 1084.

1700 925 1733 948 10

1699 1216 1731 1240 15

1697 1508 1730 1532 20

1697 1799 1729 1823 25

1695 2090 1728 2114 30

1692 2676 1726 2699 40
