1834 3055
50 1493 123 1533 (11)

147 233 189 266 lo
286 230 413 264 VITA
437 227 690 263 BENNONIS
714 228 766 264 Π.
792 227 1019 263 EPISCOPI
1045 228 1470 267 OSNABRUGENSIS.

145 351 210 390 rei
243 350 478 390 veritatem
525 350 659 402 prout
691 349 896 388 novimus
938 350 1208 401 exequentes
1242 363 1293 390 eo
1325 350 1615 400 intendimus.

145 411 209 453 ut,
244 422 331 460 quo
373 408 467 461 ipse
511 407 804 460 perfectionis
846 408 993 447 minus
1036 407 1245 448 habuisse
1288 409 1549 455 dinoscitur,
1594 425 1618 451 a

146 467 403 520 legentibus
451 467 561 506 haec
610 479 690 519 pro
739 479 790 506 eo
837 466 1083 505 studiosius
1131 469 1296 506 oretur.
1364 467 1459 507 Nec
1501 470 1619 509 enini

146 525 368 565 imitanda
400 524 473 564 hic
505 525 688 564 videtur
721 525 1006 576 quorundam
1039 525 1180 577 magis
1213 526 1454 566 temeraria
1486 541 1619 579 quam

146 583 357 636 religiosa
409 583 670 627 assentatio,
724 583 801 635 qui
852 583 898 622 in
953 596 1125 631 eorum,
1180 597 1290 635 quos
1344 585 1617 631 describunt,

146 642 464 681 tantummodo
497 641 631 680 laude
662 642 901 681 versantur
933 644 978 681 et
1010 655 1100 681 non
1142 644 1254 687 tam,
1289 642 1397 695 quid
1430 644 1617 695 egerint,

148 700 384 740 attendere
426 701 648 747 videntur,
692 713 823 751 quan]
868 700 975 752 quid
1015 700 1157 752 egisse
1197 701 1450 748 debuerint,
1493 703 1620 754 quasi

147 772 234 798 non
285 772 411 798 sacra
458 758 682 810 scriptura
729 771 924 797 summos
972 758 1089 798 viros
1138 761 1183 797 et
1225 759 1321 798 Deo
1369 760 1620 800 carissimos

147 817 368 856 nonnulla
384 816 758 869 reprehensibilia
782 816 1055 856 commisisse
1079 816 1423 858 demonstraret.
1458 818 1620 871 Itaque

148 890 239 915 non
280 889 378 915 eum
421 875 567 915 verbis
601 874 884 914 sanctificare
918 875 1245 922 contendimus,
1288 876 1409 928 quod
1444 876 1621 916 utinam

150 934 325 974 actibus
358 934 452 986 ipse
485 933 689 980 fecisset;
734 933 810 972 sed
853 933 948 973 eius
989 933 1129 973 vitam
1171 934 1265 974 sine
1298 934 1404 974 fuco
1438 937 1622 988 propter

150 1006 285 1045 supra
330 992 499 1032 dictam
546 1005 727 1032 causam
775 991 943 1043 absque
992 992 1254 1044 exceptione
1303 993 1620 1045 depromimus.

151 1051 199 1091 Si
245 1051 363 1091 enim
411 1053 594 1090 actuum
643 1063 822 1090 suorum
873 1050 994 1089 omni
1046 1063 1226 1103 prorsus
1277 1051 1622 1104 imperfectione

151 1109 380 1155 caruisset,
428 1122 712 1161 nequaquam
754 1109 793 1148 ei
832 1108 1037 1160 profecto
1080 1122 1104 1147 a
1145 1122 1370 1161 quoquam
1415 1109 1621 1163 flagitare

152 1168 416 1208 deberemus
449 1167 666 1207 orationis
700 1166 980 1219 suffragium,
1016 1167 1093 1206 sed
1127 1180 1363 1207 commune
1397 1182 1498 1208 cum
1522 1168 1621 1208 aliis

151 1226 318 1266 sanctis
352 1226 532 1266 debitae
555 1225 885 1266 venerationisa
923 1225 1208 1277 obsequiurn3
1244 1239 1325 1266 nec
1359 1227 1478 1266 enini
1508 1227 1620 1275 aliis,

150 1287 202 1324 ut
244 1298 322 1337 pro
364 1285 461 1337 ipso
504 1285 697 1332 orarent,
748 1286 865 1324 esset
907 1284 1302 1332 commendandus,
1353 1286 1429 1324 sed
1472 1285 1622 1337 potius

151 1343 259 1396 ipse,
293 1345 345 1382 ut
378 1357 458 1395 pro
492 1343 591 1382 aliis
633 1344 794 1389 oraret,
839 1343 1104 1382 exorandus.
1169 1342 1268 1383 Hac
1309 1343 1452 1396 igitur
1484 1344 1538 1384 de
1571 1356 1621 1384 eo

153 1402 349 1442 breviter
390 1401 593 1441 oratione
625 1401 807 1448 inserta,
851 1401 908 1440 ad
941 1401 1060 1453 quod
1094 1402 1335 1453 coepimus,
1373 1402 1621 1442 redeamus.

296 1487 333 1524 9.
394 1483 500 1522 Fuit
551 1483 705 1535 itaque
758 1483 878 1535 apud
930 1482 1180 1522 Henricum
1233 1483 1381 1523 adhuc
1434 1496 1622 1536 puerum

153 1544 361 1595 quartum
416 1542 550 1581 huius
602 1541 796 1581 nominis
852 1553 1001 1593 regem
1055 1541 1346 1581 vehementer
1397 1543 1621 1594 acceptus,

154 1601 338 1653 eiusque
371 1614 485 1653 pene
519 1599 705 1639 arbitrio
737 1599 858 1638 infra
889 1599 1115 1652 palacium
1149 1601 1313 1639 cuncta
1335 1600 1621 1652 gerebantur,

153 1660 229 1699 sed
264 1661 308 1699 et
340 1658 634 1712 popularibus
667 1657 812 1697 turbis
844 1671 935 1697 non
968 1657 1152 1697 minoris
1185 1662 1253 1697 est
1285 1658 1481 1704 habitus,
1516 1658 1622 1697 dum

153 1718 239 1757 sibi
286 1717 340 1757 ab
382 1717 463 1756 illo
505 1717 650 1769 quivis
692 1718 892 1768 speraret
933 1715 1006 1756 vel
1046 1715 1093 1754 in
1126 1715 1260 1768 culpa
1291 1715 1623 1769 indulgentiam

152 1776 224 1816 vel
255 1776 302 1815 in
343 1775 612 1815 necessitate
655 1774 919 1814 subsidium.
984 1774 1190 1826 Denique
1222 1774 1358 1815 villae
1392 1773 1623 1815 Goslariae

154 1834 324 1887 duplici
357 1835 582 1887 potestate
613 1833 854 1886 praelatus,
889 1847 990 1881 una,
1025 1846 1113 1884 qua·
1139 1832 1444 1872 ecclesiastica
1476 1834 1624 1873 aucto-

152 1894 288 1932 ritate
321 1892 554 1945 synodalia
587 1891 886 1938 examinabat,
922 1890 1077 1938 altera,
1113 1904 1200 1942 qua
1231 1891 1355 1943 regia
1387 1890 1623 1932 maiestate

154 1951 348 2003 publicis
380 1950 575 2002 negotiis
608 1948 906 2002 praesidebat,
947 1948 1179 1988 multoties
1211 1949 1256 1987 in
1292 1949 1426 2001 culpa
1456 1963 1547 1988 una
1579 1951 1624 1989 et

154 2009 209 2048 ab
252 2009 407 2049 eadem
449 2021 639 2060 persona
678 2007 848 2059 duplici
891 2007 1047 2047 debuit
1088 2007 1398 2047 satisfactione
1440 2007 1622 2060 placari,

155 2068 260 2106 dum
294 2080 408 2119 quae
441 2066 527 2106 Dei
568 2067 697 2106 erant
728 2065 797 2104 illi
830 2065 1094 2113 reddebant,
1137 2066 1344 2118 idemque
1382 2065 1478 2118 ipse
1509 2078 1623 2118 quae

155 2126 345 2166 caesaris
387 2125 543 2165 erant1
585 2138 665 2177 pro
707 2124 943 2164 commissa
984 2137 1091 2163 cura
1124 2123 1382 2176 dispensare
1415 2123 1623 2164 debebat.

154 2184 394 2224 Praeterea
417 2187 567 2223 autem
591 2182 867 2222 architectus
890 2183 1171 2235 praecipuus,
1196 2182 1458 2222 cementarii
1479 2182 1624 2235 operis

155 2242 473 2282 solertissimus
507 2243 605 2282 erat
638 2241 892 2293 dispositor,
928 2254 1016 2293 qua
1048 2241 1185 2280 etiam
1219 2254 1271 2280 ex
1302 2254 1350 2280 re
1372 2240 1469 2294 regi
1491 2253 1623 2293 supra

156 2301 277 2340 dicto
324 2299 616 2352 inseparabili
664 2312 838 2352 semper
884 2299 975 2338 fuit
1015 2299 1329 2338 familiaritate
1375 2298 1623 2339 devinctus.

154 2358 251 2398 Iam
293 2360 388 2397 tum
434 2358 551 2398 enim
595 2357 803 2397 Saxonici
844 2357 965 2403 belli,
1014 2357 1132 2409 quod
1175 2357 1323 2399 adhuc
1363 2357 1453 2396 iam
1494 2359 1624 2396 tanto

154 2419 357 2469 tempore
381 2417 596 2455 mundum
623 2415 829 2455 demoliri
852 2416 1136 2467 ingemimus,
1161 2415 1344 2455 exordia
1366 2409 1618 2467 pullulareb

156 2476 414 2527 coeperunt.
463 2473 594 2523 Quod
625 2487 702 2514 rex
733 2473 811 2513 ille
843 2487 934 2513 non
965 2473 1177 2526 ignorans
1208 2475 1352 2512 totam
1386 2472 1623 2512 Saxoniam

157 2532 354 2573 castellis
395 2533 522 2572 novis
561 2535 605 2572 et
642 2531 780 2571 firmis
814 2531 962 2584 coepit
994 2531 1195 2570 muniress
1235 2530 1624 2583 defectionemque

156 2592 428 2644 perfidorum
463 2590 710 2643 anticipare
742 2589 953 2630 tentabat
986 2589 1238 2628 munitione
1269 2590 1511 2637 terrarum3
1553 2588 1625 2628 cui

1647 891 1679 915 10

1648 1181 1679 1206 15

1648 1497 1682 1521 20

1649 1786 1684 1812 25

1650 2077 1683 2102 30

1651 2367 1683 2392 35

157 2722 185 2740 a»
204 2714 371 2746 impendere
392 2716 458 2741 add.
477 2715 572 2739 SNIE
655 2714 685 2746 b)
704 2715 853 2745 pullurare
873 2714 896 2737 G
964 2714 990 2746 c)
1010 2714 1051 2737 itu
1071 2713 1180 2744 SNIE;
1199 2713 1311 2738 munire
1331 2713 1427 2744 coepit
1447 2713 1479 2746 G,
1498 2713 1573 2744 quod
1593 2712 1626 2736 ob
1650 2709 1685 2734 40

157 2752 240 2781 leuem
262 2751 368 2781 rhytmi
387 2751 555 2774 reiciendum
576 2752 624 2775 est.

159 2846 192 2886 1)
217 2845 269 2884 Cf.
297 2844 423 2880 Matala.
450 2845 505 2886 22,
532 2844 586 2877 21.
