1834 3055
29 670 130 704 1073.

154 257 198 291 18
274 254 420 294 *VITA
445 251 696 287 BENNONIS
721 252 772 288 II.
799 251 1027 287 EPISOOPI
1053 252 1479 294 OSNABRUGENSIS.

155 376 428 428 acceptaque
470 373 716 422 occasione,
767 387 868 413 cum
914 374 1004 414 iam.
1045 374 1244 427 undique
1285 375 1459 415 videret
1507 376 1628 417 bella

155 445 436 485 consurgere,
480 433 568 472 11110
610 445 655 472 50
697 432 955 472 omnimoda
997 431 1143 472 cordis
1177 434 1221 472 et
1254 433 1451 486 corporis
1481 434 1625 476 inten-

154 491 278 531 tione
320 490 528 537 contulit,
578 503 604 530 a
644 491 985 543 praedecessore
1033 503 1113 531 suo
1154 490 1243 530 iam
1287 491 1521 544 aliquanta
1563 493 1626 532 in-

155 550 319 589 choata
350 550 478 602 parte
500 562 744 597 murorum,
779 549 923 589 omnis
946 549 1123 601 generis
1146 549 1416 589 aedificandi
1439 564 1626 592 commo-

155 607 364 647 (1115511110ξι
408 609 588 660 reperta
629 607 832 647 materia.
896 606 1009 647 Cum
1051 609 1203 648 autem
1243 607 1333 647 iam
1367 609 1548 649 detecta
1578 609 1625 649 in
1651 625 1667 650 5

157 667 336 719 apertas
370 665 633 705 inimicitias
665 678 903 718 erumpens
935 665 1098 706 fuisset
1120 665 1347 706 Saxonum
1379 667 1458 706 diu
1478 667 1625 708 latens

157 724 369 764 simulata
412 724 646 772 subiectio,
689 726 927 776 totumque
967 737 1157 776 regnum
1197 725 1320 764 vario
1353 725 1520 777 ubique
1553 740 1626 766 no-

157 796 313 822 varum
359 782 613 822 factionum
661 784 925 834 quateretur
970 782 1190 835 impulsu,
1245 783 1518 836 expulsoque
1571 785 1625 824 de

156 840 348 880 Saxonia
380 840 514 893 rege1
545 840 748 880 fautores
781 840 850 879 sui
882 843 984 893 post
1017 854 1062 881 se
1084 840 1232 880 relicti
1253 841 1501 882 innumeris
1524 855 1626 894 quo-

155 899 266 939 tidie
299 899 510 952 periculis
543 901 825 951 urgerentur,
858 898 1049 938 illustris
1081 899 1150 938 vir
1182 901 1227 939 et
1249 900 1446 952 prudens
1470 900 1626 940 Benno
1654 918 1687 941 10

156 957 392 1011 episcopus
433 953 576 997 sciens
618 971 663 997 se
705 970 838 1010 super
880 957 964 997 hoc
997 970 1104 997 voce
1144 957 1398 997 (1011111110012
1429 972 1627 1011 praemo-

155 1016 315 1064 nitum,
350 1016 456 1068 quia
488 1017 667 1068 oportet
700 1016 810 1055 haec
834 1015 942 1064 fieri,
978 1015 1055 1055 sed
1088 1015 1290 1055 nondum
1323 1016 1477 1056 statim
1512 1017 1624 1064 finis,

157 1074 243 1115 etsi
289 1074 422 1113 huius
469 1073 642 1127 negotii
688 1073 778 1113 iam
825 1076 930 1113 ante
977 1087 1066 1114 non
1116 1077 1232 1114 esset
1272 1074 1469 1126 ignarus,
1516 1076 1627 1115 tunc

155 1135 309 1172 tamen
361 1132 567 1185 propiore
620 1131 880 1171 stimulatus
933 1131 1147 1184 periculo,
1201 1132 1322 1172 omni
1372 1132 1627 1173 intentione

156 1191 366 1243 omnique
399 1190 564 1238 laboiffe
600 1190 792 1242 denique
815 1190 938 1230 0111111
959 1190 1165 1243 impensa
1187 1193 1232 1230 et
1254 1191 1405 1231 studio
1429 1195 1623 1231 montem
1655 1208 1686 1232 15

156 1249 333 1289 ἨΥ-111110
367 1250 412 1289 et
444 1249 619 1288 munire
652 1249 839 1297 curavit
874 1249 964 1288 suis
998 1251 1043 1289 et
1075 1249 1161 1288 sibi
1192 1249 1368 1301 totique
1401 1250 1627 1315 episcopio

158 1310 330 1347 certum
383 1308 692 1360 praeparando
745 1307 1020 1359 praesidium
1080 1308 1404 1360 universaeque
1455 1308 1629 1360 regioni

158 1367 279 1406 celte
312 1379 548 1405 commune
580 1365 822 1418 refugium.
872 1364 1003 1414 Quod
1027 1367 1072 1406 et
1105 1368 1260 1419 postea
1288 1366 1492 1415 vidimus,
1527 1380 1628 1406 cum

157 1424 269 1464 haec
290 1423 397 1464 urbs
420 1424 628 1463 omnibus
650 1424 811 1464 fuisset
834 1424 1040 1477 profecto
1062 1424 1320 1464 hominibus
1338 1426 1383 1464 et
1400 1425 1626 1473 iumentis,

157 1482 366 1535 frugibus
399 1484 444 1522 et
470 1482 683 1530 vestibus,
718 1482 966 1534 pecudibus
990 1484 1035 1522 et
1056 1482 1172 1522 vasis
1195 1482 1404 1534 omnique
1427 1483 1628 1522 omnium
1655 1501 1689 1524 20

159 1540 464 1594 suppellectili
496 1541 738 1580 fidissimae
771 1540 1077 1580 absconsionis
1108 1540 1307 1593 receptio
1340 1541 1386 1580 111
1413 1543 1513 1580 tota
1533 1542 1629 1580 tam

159 1599 338 1639 diutina
368 1601 552 1651 tamque
585 1599 810 1639 horrenda
830 1600 1102 1651 tempestate
1126 1598 1360 1639 bellorum.
1410 1598 1629 1648 Quotiens

159 1658 275 1697 enim
311 1657 508 1697 Saxones
542 1671 642 1697 011111
677 1657 767 1696 51115
799 1657 994 1709 regibus,
1038 1671 1147 1709 quos
1190 1657 1275 1696 sibi
1308 1657 1493 1710 expulso
1525 1671 1629 1710 rege

160 1715 359 1756 Henrico
408 1718 682 1763 creaverant,
732 1716 848 1755 hanc
892 1717 1057 1755 terram
1101 1715 1302 1766 generali
1344 1716 1630 1768 expeditione

159 1774 411 1818 vastabant
447 1774 558 1814 haec
590 1774 696 1814 urbs
730 1773 825 1813 sola
857 1774 919 1813 eis
941 1774 1187 1814 fortissime
1209 1773 1380 1813 restitit
1403 1776 1448 1814 et
1477 1787 1630 1814 omnes
1656 1791 1689 1816 25

161 1832 476 1884 confugientes
500 1833 555 1871 ad
580 1845 624 1872 se
647 1832 876 1872 tutissima
898 1832 1178 1885 protectione
1203 1832 1421 1872 defendit.
1462 1832 1629 1872 Verum

160 1891 279 1931 inter
315 1891 424 1930 haec
459 1891 693 1943 episcopus
736 1893 899 1937 noster,
943 1903 1049 1930 suae
1090 1890 1395 1943 promissionis
1432 1904 1522 1930 non
1554 1891 1630 1930 im-

161 1962 341 1996 memor,
390 1949 609 2000 quidquid
658 1950 813 1988 sancto
862 1947 1087 1988 Clementi
1132 1949 1174 1986 in
1227 1948 1298 1988 die
1341 1948 1630 1988 exaltationis

161 2020 266 2046 suae
300 2007 551 2051 devoverat,
594 2007 689 2059 iugi
731 2006 779 2045 in
820 2006 968 2046 animo
1002 2006 1297 2046 meditatione
1335 2008 1627 2059 pertractans,

162 2065 240 2104 ubi
282 2065 432 2118 potius
475 2065 630 2112 altare,
680 2065 799 2117 quod
843 2067 1040 2108 voverat,
1089 2065 1340 2105 consecrari
1386 2067 1628 2118 oporteret,
1657 2083 1690 2106 30

163 2124 240 2162 diu
267 2123 487 2176 cogitasse
510 2123 795 2175 perhibetur;
830 2123 907 2163 sed
938 2124 1137 2170 tandem,
1163 2123 1265 2175 quia
1289 2123 1435 2163 locum
1459 2119 1624 2163 istumb

163 2182 218 2221 ad
261 2183 437 2222 cuncta„
481 2195 594 2234 quae
635 2181 854 2229 voluerat,
898 2183 1230 2234 competentem
1261 2181 1458 2230 videbat,
1500 2183 1552 2220 ut
1584 2195 1629 2222 se

163 2240 234 2279 hic
268 2240 464 2292 corporis
497 2240 721 2292 praesidio
754 2240 983 2292 gaudebat
1016 2253 1110 2280 0550
1143 2253 1362 2288 securum,
1395 2240 1461 2279 ita
1493 2240 1630 2280 etiam

163 2311 206 2338 se
234 2298 305 2337 liic
334 2298 561 2350 spirituali
587 2298 711 2337 lucro
739 2298 914 2338 animae
942 2311 1048 2338 suae
1075 2297 1213 2338 saluti
1238 2298 1490 2351 prospicere
1517 2298 1630 2338 salu-

164 2356 353 2395 berrima
378 2356 641 2396 definitione
666 2356 877 2396 decrevit.
930 2356 1093 2408 Itaque
1116 2356 1267 2409 lignea
1290 2356 1527 2409 capellula,
1552 2355 1630 2396 ubi
1656 2372 1689 2397 35

162 2427 280 2453 1111110
302 2413 461 2454 beatae
480 2414 567 2454 Dei
588 2414 819 2466 genitricis
842 2414 1089 2454 oratorium
1113 2415 1324 2463 cernitur,
1359 2414 1630 2454 festinanter

161 2473 380 2518 extructa„
415 2472 557 2512 altare
590 2472 653 2511 ibi
686 2472 733 2510 in
765 2472 886 2511 beati
910 2471 1156 2512 Clementis
1185 2472 1354 2512 honore
1388 2471 1627 2520 dedicavit,

160 2530 207 2569 id
249 2543 424 2582 quoque
474 2530 574 2582 piae
625 2530 854 2570 devotioni
897 2530 1107 2578 adiciens,
1159 2532 1222 2577 ut,
1273 2530 1308 2568 si
1350 2529 1472 2570 Deus
1520 2542 1628 2582 pace

161 2588 339 2628 reddita
379 2587 670 2628 villicationis
713 2601 818 2628 suae
858 2590 1063 2640 tempora
1107 2588 1356 2640 prosperari
1395 2590 1631 2635 110111101οὺ,Α

161 2727 188 2751 a)
208 2721 398 2746 commodisse
418 2723 441 2745 G
515 2722 544 2753 b)
568 2723 631 2746 loca
650 2723 707 2747 ista
727 2724 760 2749 G,
1653 2732 1689 2756 40

164 2830 197 2869 1)
227 2831 301 2861 Isseoe
334 2838 356 2858 α
390 2827 525 2860 castello
559 2827 830 2868 Harzbm-qensz·
865 2838 886 2858 a
920 2827 1099 2859 rebellibus
1133 2826 1333 2859 Samonibus
1368 2827 1498 2859 obsesso
1534 2827 1629 2868 fuyit

164 2877 194 2908 9.
221 2875 288 2906 sive
315 2874 368 2907 10.
395 2874 427 2907 d.
454 2885 497 2907 m.
525 2874 679 2915 Amasti
704 2875 857 2908 a.1073.
947 2875 981 2916 2)
1013 2874 1068 2914 Cf,
1095 2874 1223 2908 Matth.
1240 2875 1297 2915 24,
1316 2874 1346 2907 6.
