1793 3080
46 886 78 910 10

48 1203 79 1227 15

46 1495 80 1520 20

48 1788 81 1812 25

51 2373 84 2399 35

52 2689 88 2713 40

247 223 369 257 VITA
396 223 647 257 BENNONIS
673 223 724 257 II.
751 221 977 256 EPJSCOPI
1004 216 1431 254 osNABRUGENSIS.
1558 218 1577 251 7

102 345 235 385 lumis
268 345 502 398 episcopus
536 359 637 384 cum
674 344 805 384 sociis
846 343 989 383 tantis
1031 355 1130 382 eum
1176 339 1442 383 honoribus,
1486 337 1579 376 ubi-

103 416 278 455 cunque
311 403 395 443 sibi
429 405 703 457 oportunum
737 405 782 443 et
815 400 1026 455 possibile
1054 399 1306 452 reperisset,
1343 395 1578 450 ampliavit

105 465 149 502 et
191 462 332 509 donis,
381 464 433 501 ut
475 462 635 502 merito
678 461 946 514 praecipuus
988 458 1106 512 apud
1149 470 1302 497 omnes
1336 455 1580 495 haberetur

104 524 149 562 et
181 520 341 561 clarus.
405 521 532 561 Adeo
573 520 688 560 enim
725 533 777 560 ex
811 519 890 559 illo
923 522 1125 570 tempore
1159 529 1228 556 res
1261 527 1368 555 suae
1403 526 1578 567 prospe·

102 579 190 619 rari
239 581 285 619 et
330 579 487 619 felices
534 592 628 619 esse
676 579 940 631 coeperunt,
990 579 1041 615 ut
1091 575 1136 614 in
1186 574 1339 614 eadem
1390 571 1580 612 ecclesia

104 640 261 691 postea
292 637 569 677 constitutus
602 635 913 689 praepositus¹
948 635 1088 674 totius
1121 633 1256 673 etiam
1292 631 1578 684 episcopatus

104 709 255 737 curam
289 695 606 736 administrare
641 697 879 747 cogeretur
911 697 956 734 et
989 706 1083 734 esse
1117 691 1372 744 dispositor.
1428 688 1577 728 Huius

103 755 256 807 itaque
299 754 648 807 dispensationis
689 768 778 793 non
823 753 970 792 minus
1012 754 1223 791 strenuus
1265 762 1398 801 quam
1433 746 1578 787 fidelis

103 815 317 854 executor
349 815 395 854 et
426 813 474 852 in
495 812 605 852 villa
628 812 835 853 Goslaria
858 812 904 851 in
927 809 1395 863 archipresbyteratus
1422 805 1579 845 ordine

104 871 331 925 synodalis
363 872 535 925 negotii
568 885 657 911 non
691 870 841 923 segnis
875 871 1055 910 exactor
1088 870 1218 907 tanta
1251 880 1296 907 se
1331 863 1578 904 modestiae

105 930 491 982 districtionisque
533 932 579 970 et
620 929 864 982 aequitatis
905 941 1005 967 arce
1048 927 1287 967 locaverat,
1339 927 1389 963 ut
1427 922 1578 974 regiae

105 1002 281 1042 quoque
324 988 481 1028 domus
521 987 906 1028 administrationi
946 986 1176 1025 videretur
1217 996 1312 1024 esse
1345 982 1536 1022 idoneus
1552 980 1578 1017 ².

247 1073 268 1085 Η

253 1083 286 1109 ι.
335 1070 490 1110 Inerat
513 1070 630 1111 enim
655 1069 760 1110 huic
784 1069 850 1109 vis
877 1067 1056 1122 magnia
1087 1065 1259 1119 ingenii
1286 1066 1331 1105 et
1354 1062 1577 1104 excellens

105 1129 244 1170 animi
262 1129 519 1169 constantia
535 1129 631 1169 viro
650 1141 883 1180 sermoque
909 1128 1142 1180 promptus
1160 1126 1205 1165 et
1227 1123 1376 1164 facilis
1394 1123 1440 1162 et
1462 1133 1577 1161 suos.

105 1188 162 1228 ad
195 1200 308 1241 quae
339 1187 492 1233 vellet,
532 1187 761 1227 auditores
794 1186 955 1226 efficax
996 1184 1228 1226 inclinare,
1273 1178 1580 1235 persuasibilis

105 1249 151 1288 et
181 1246 329 1293 fortis,
368 1258 543 1299 semper
576 1245 811 1285 blanditiis
844 1245 887 1284 in
921 1246 1092 1283 terrore
1125 1253 1366 1293 respersus,
1401 1241 1453 1277 ut
1485 1250 1580 1290 pec-

105 1305 315 1346 cantibus
348 1317 631 1357 nequaquam
666 1305 734 1343 sui
767 1303 920 1343 odium
954 1300 1184 1354 arguendo
1217 1298 1462 1350 infligeret,
1503 1295 1580 1335 sed

105 1363 377 1404 emendandi
404 1376 614 1403 amorem.
661 1362 799 1402 Porro
826 1361 873 1401 in
896 1360 1093 1401 consiliis
1122 1358 1213 1399 sive
1238 1355 1474 1408 colloquiis
1497 1353 1580 1407 pri-

104 1422 234 1465 vatis,
267 1421 347 1462 ubi
379 1434 511 1474 saepe
539 1421 593 1461 de
624 1421 807 1474 perfidis
840 1423 885 1460 et
918 1418 1108 1473 periuris
1136 1416 1342 1456 hostibus
1376 1427 1453 1454 seu
1479 1425 1581 1466 quo-

104 1480 218 1521 libet
249 1475 404 1534 regnib
433 1480 617 1533 negotio
651 1479 814 1519 callide
846 1477 1024 1518 intendi
1054 1479 1099 1517 et
1126 1475 1369 1528 diligenter
1401 1472 1581 1525 oportet

106 1540 271 1580 cuncta
287 1538 489 1587 tractari,
512 1539 669 1578 tantae
688 1537 986 1591 perspicatiae
1005 1538 1049 1575 et
1068 1532 1380 1587 providentiae
1397 1530 1501 1578 fuit,
1529 1530 1582 1568 ut

106 1611 209 1638 mox
239 1597 286 1637 in
319 1598 416 1651 ipso
450 1597 632 1637 exordio
665 1596 729 1636 rei
768 1595 969 1649 agendae
1004 1594 1057 1634 de
1091 1591 1267 1633 excelsa
1305 1588 1489 1643 specula
1519 1587 1582 1627 in-

106 1655 240 1709 genii,
275 1669 363 1708 quo
396 1655 612 1707 cuiusque
643 1657 850 1707 vergeret
887 1651 1103 1693 sermonis
1134 1649 1331 1690 intentio
1364 1651 1409 1688 et
1441 1646 1582 1686 totius

106 1714 280 1768 negotii
307 1715 616 1767 prospectaret
643 1715 867 1753 eventum.
922 1711 978 1751 In
1011 1710 1117 1750 fidei
1147 1710 1298 1749 autem
1327 1704 1583 1747 constantia

107 1786 186 1814 seu
219 1772 408 1813 cuilibet
448 1771 683 1812 hominum
722 1771 949 1810 amicitiae
988 1767 1301 1809 observatione
1339 1763 1583 1818 promissae

107 1831 316 1872 omnibus
337 1843 451 1884 pene
473 1829 842 1883 incomparabilis
860 1828 963 1875 fuit,
983 1841 1118 1880 quam
1134 1824 1364 1865 nullorum
1383 1835 1583 1874 unquam

107 1889 518 1945 pollicitationibus
539 1901 779 1928 munerum
804 1887 1038 1927 maiorisve
1062 1882 1357 1925 emolumenti
1374 1881 1584 1934 respectu

108 1951 188 1989 aut
210 1948 451 1988 immutare
475 1950 555 1987 aut
581 1946 786 2000 quolibet
810 1945 942 1986 modo
965 1957 1164 1997 unquam
1189 1944 1256 1983 est
1279 1940 1446 1981 violare
1471 1952 1584 1978 eom-

109 2007 277 2061 pulsus.
326 2006 384 2046 In
406 2005 645 2060 erogandis
673 2005 865 2057 denique
889 2002 1114 2044 donativis
1137 2013 1375 2041 munerum
1401 1999 1449 2037 in
1482 2009 1584 2036 suos

50 2081 64 2106 3
109 2066 290 2119 quidem
317 2065 506 2118 parcior,
541 2077 648 2117 erga
679 2065 915 2104 extraneos
948 2075 1053 2102 vero
1086 2063 1182 2101 erat
1215 2058 1429 2111 largitate
1462 2068 1584 2109 prae-

110 2125 290 2177 cipuus;
334 2123 453 2175 quod
492 2136 629 2175 quare
661 2122 708 2161 in
741 2121 940 2162 moribus
973 2119 1140 2159 habere
1174 2115 1469 2163 consueverit,
1504 2126 1584 2153 nos

109 2183 316 2235 ignorare
333 2181 545 2226 fatentes,
568 2180 616 2220 id
638 2194 779 2219 unum
804 2180 857 2219 de
881 2192 932 2219 eo
956 2180 1078 2218 certo
1101 2176 1328 2216 affirmare
1351 2173 1582 2219 audemus,

110 2254 212 2282 eum
230 2253 461 2292 nunquam
483 2239 667 2291 aliquid,
690 2238 810 2291 quod
830 2236 1099 2290 quibusdam
1120 2233 1327 2274 fortassis
1347 2231 1584 2284 reprehen-

110 2299 240 2340 sibile
280 2298 424 2338 videri
467 2297 702 2350 potuisset,
745 2297 792 2336 in
825 2294 1152 2336 consuetudine
1193 2292 1359 2332 habere
1400 2289 1584 2330 solitum

109 2357 262 2405 fuisse,
311 2357 431 2410 quod
478 2369 569 2396 non
610 2358 727 2396 esset
768 2353 1037 2407 prudentiae
1078 2351 1305 2404 profunda
1347 2350 1444 2389 arte
1487 2360 1585 2387 con-

111 2416 270 2457 ditum.
335 2414 465 2455 Circa
496 2427 717 2468 pauperes
759 2415 804 2454 et
848 2424 1012 2465 egenos
1054 2423 1132 2451 seu
1164 2408 1368 2462 qualibet
1399 2404 1585 2446 tribula-

109 2475 235 2516 tione
271 2473 468 2514 afflictos
509 2472 766 2513 omnimode
807 2471 877 2510 illi
918 2472 1046 2511 erant
1078 2469 1250 2508 viscera
1293 2464 1509 2520 pietatis3
1540 2464 1585 2502 et

111 2567 139 2595 a)
160 2565 199 2589 ita
219 2564 328 2594 GSNI;
347 2571 451 2595 magna
470 2563 594 2593 forsitan
615 2565 685 2586 recte
703 2562 859 2586 emendavit
878 2561 906 2584 E
975 2559 1004 2591 b)
1025 2560 1065 2583 ita
1085 2558 1194 2587 SXIE;
1219 2564 1306 2588 regno
1328 2556 1363 2582 G.

113 2634 148 2677 1)
174 2634 295 2680 Benna
314 2635 540 2676 praepositus
573 2633 778 2674 subscripsit
802 2632 945 2663 chartae
977 2631 1128 2671 episcopi
1150 2628 1340 2665 Hezilom’s,
1376 2636 1462 2668 quae
1495 2625 1586 2656 notis

111 2681 365 2723 chronoloyicfis
381 2684 486 2721 caret,
512 2678 810 2711 ‘KB-lcmzdenbuch
830 2679 887 2711 des
904 2677 1103 2717 Hochstifts
1118 2673 1344 2708 Hildesheatm'
1363 2673 1392 2713 L
1411 2674 1454 2706 93
1473 2681 1508 2703 n.
1523 2672 1587 2708 92,-

112 2728 159 2768 cf,
186 2727 314 2762 Cho-(m.
342 2737 414 2770 epp.
441 2726 803 2765 Hildesheimensieme,
831 2725 927 2759 Mon.
949 2724 1064 2757 Germ.
1091 2723 1154 2759 SS,
1181 2722 1261 2764 VII,
1289 2722 1366 2754 848.
1464 2718 1500 2760 2)
1530 2716 1589 2749 Ad

114 2774 343 2815 B(ennonem)
362 2775 617 2816 praepositum,
643 2773 891 2806 vicedominmn
908 2776 938 2804 et
960 2772 1053 2812 reglis
1070 2769 1328 2808 vicedominum,
1350 2767 1435 2798 <lata
1451 2767 1499 2797 est
1518 2764 1587 2805 epi-

112 2821 202 2854 stola
220 2820 494 2862 M(eyinhardi),
519 2820 615 2862 apud
634 2819 845 2860 Sudendorf,
873 2816 1097 2859 ‘Beyz'strmn’
1125 2816 1196 2857 III,
1216 2817 1260 2849 15
1285 2825 1318 2847 u.
1338 2814 1368 2847 9.
1463 2812 1500 2852 3)
1531 2810 1588 2850 Cf-

115 2868 241 2902 C'olosa
267 2869 299 2909 3,
328 2868 391 2901 12:
417 2865 568 2899 Viscera
593 2864 869 2899 misericordiae.

1607 1062 1658 1105 (8)
