1829 3070
315 247 441 282 VITA
467 247 719 283 BENNONIS
746 248 796 283 ΙΙ.
824 247 1051 283 EPISCOPI
1078 247 1507 284 OSNABRUGENSIS.
1604 251 1649 283 25

174 368 353 410 nemine
387 369 545 410 itidem
579 383 672 410 rem
707 369 1033 417 considerante,
1076 369 1283 417 latibulo,
1327 370 1454 410 iuxta
1491 369 1646 418 altare,

174 427 253 468 ubi
285 428 409 481 prius
442 428 632 475 sederat,
676 428 827 468 subito
868 428 1064 469 residere
1106 429 1393 482 conspicitur.
1459 428 1647 482 Stupen-

172 486 296 526 tibus
342 487 484 539 igitur
530 500 621 527 non
667 486 902 539 minusque
944 486 1215 527 mirantibus
1263 487 1438 527 cunctis
1478 490 1535 535 et,
1570 487 1644 527 ubi

174 544 352 594 fuisset,
387 545 588 586 studiose
621 545 928 598 querentibus,
969 558 1014 586 se
1057 545 1111 586 de
1145 545 1242 586 loco
1275 545 1355 585 illo
1389 559 1467 598 per
1497 547 1647 585 totum

131 619 147 643 5
176 603 266 644 diei
310 604 505 657 spatium
555 617 645 643 non
693 604 927 644 recessisse
975 603 1091 645 velle
1140 604 1287 645 iurare
1329 618 1406 657 per
1448 604 1646 644 conscios

174 664 353 702 sanctos
395 662 668 716 spondebat;
718 663 775 703 ad
816 675 968 714 regem
1011 676 1188 715 quoque
1227 663 1380 703 statim
1424 662 1647 703 adductus

174 720 432 774 plenissime
474 734 519 761 se
558 721 613 761 de
655 721 778 761 omni
818 721 1091 762 infidelitate
1133 722 1356 775 purgavit,
1400 721 1475 774 qui
1516 721 1646 761 illum

171 782 322 820 tamen
367 780 413 819 in
456 779 544 820 fide
577 779 770 833 pristina
801 780 992 821 firmiter
1023 782 1142 820 stare
1177 779 1366 820 lenitate
1409 780 1645 820 verborum

174 838 346 878 hortari
378 837 554 886 maluit,
588 852 723 891 quam
744 840 916 879 terrore
940 839 1260 891 constringere.
1311 838 1483 879 Exinde
1506 839 1648 889 igitur

114 912 147 937 ιο
173 896 406 949 praeclara
455 896 670 949 felicique
724 897 1024 950 prosperitate
1076 896 1147 937 vel
1208 897 1347 937 animi
1405 897 1647 950 prudentia

173 954 409 1008 utriusque
441 968 597 1008 papae,
632 956 752 1007 quod
786 955 990 1008 profecto
1024 956 1259 1008 perpaucis
1292 969 1344 995 ea
1375 957 1646 1008 tempestate

173 1013 387 1067 possibile
427 1013 531 1062 fuit,
575 1013 777 1054 amicitia
816 1027 936 1062 usus,
986 1014 1154 1066 regiam
1205 1027 1381 1066 quoque
1426 1027 1646 1066 nusquam

172 1071 434 1112 incurrebat
480 1071 711 1119 offensam,
756 1072 1004 1113 efficaciter
1045 1072 1300 1125 apostolum
1335 1072 1544 1112 audiens:
1600 1070 1648 1111 Si

171 1129 268 1180 fieri
306 1133 460 1182 potest,
509 1130 618 1181 quod
663 1143 712 1171 (η’
758 1129 870 1171 robis
916 1134 992 1180 est,
1042 1144 1132 1170 eum
1181 1129 1369 1170 munibus
1414 1129 1649 1170 hominihus·

114 1205 146 1229 15
164 1202 311 1241 pacem
342 1188 536 1229 habentes
550 1188 577 1228 1.

317 1274 382 1311 19.
430 1271 517 1312 Per
548 1271 669 1312 idem
700 1273 880 1324 tempus
912 1270 1044 1311 victis
1067 1284 1092 1310 a
1114 1284 1217 1324 rege
1241 1270 1492 1311 saxonibus
1515 1270 1648 1310 inter—
1694 1280 1736 1306 ·‚

173 1330 397 1383 fectoque,
432 1343 564 1382 quem
598 1329 683 1370 sibi
716 1343 868 1383 regem
907 1331 1164 1383 posuerant,
1209 1329 1322 1369 duce
1364 1328 1603 1382 Rodolpho
1619 1329 1645 1377 ²,

173 1402 275 1429 cum
306 1390 407 1428 tota
439 1388 636 1429 Saxonia
668 1390 874 1441 coeptam
915 1388 1131 1428 ferociam
1174 1387 1373 1441 graviter
1405 1386 1646 1427 humiliata

173 1447 420 1500 deponeret
462 1448 508 1487 et
550 1446 756 1500 profugis
794 1460 847 1487 ex
880 1459 925 1487 se
957 1446 1156 1487 reditum
1188 1446 1333 1485 invita
1365 1446 1646 1489 concederet,

112 1521 146 1546 20
173 1505 410 1559 episcopus
456 1507 610 1546 noster
656 1505 746 1545 iam
788 1519 833 1546 se
876 1505 1068 1545 liberum
1110 1518 1236 1558 posse
1278 1505 1460 1544 domum
1502 1504 1647 1544 redire

173 1564 466 1618 conspiciens,
494 1564 603 1617 quid
626 1565 732 1604 ante
756 1576 983 1617 egressum
1008 1563 1104 1603 Deo
1128 1563 1369 1609 devoverit,
1405 1562 1648 1615 diligenter

171 1623 408 1663 intendere
441 1622 604 1675 coepit.
651 1622 816 1675 Itaque
838 1622 1041 1674 reliquiis
1064 1623 1323 1661 sanctorum
1346 1621 1646 1673 undecunque

173 1681 324 1734 potuit
372 1681 617 1733 acquisitis,
666 1681 794 1721 libris
841 1694 1030 1733 quoque,
1079 1680 1273 1720 vasculis
1315 1693 1365 1720 ac
1408 1679 1558 1733 palliis
1601 1681 1646 1719 et

173 1739 388 1792 quicquid
429 1739 514 1779 ada
561 1739 957 1792 congregationem
998 1738 1304 1792 incipiendam
1345 1738 1644 1778 necessarium

113 1813 147 1839 25
172 1798 475 1851 idoneumque
523 1811 617 1838 esse
665 1797 890 1850 cognovit,
939 1811 1041 1837 cum
1087 1797 1319 1837 redeundo
1360 1796 1643 1848 Moguntiam

174 1856 418 1905 deveniret,
461 1856 508 1895 in
551 1855 674 1896 beati
707 1855 875 1896 Albani
916 1855 1189 1896 monasterio
1223 1855 1435 1895 abbatem
1450 1854 1465 1877 3
1497 1867 1647 1906 aggre-

174 1915 309 1965 ditur,
345 1917 391 1955 et
422 1915 529 1967 quia
560 1914 655 1955 eius
687 1914 899 1954 notitiam
933 1914 1056 1967 prius
1089 1914 1325 1959 habuerat,
1359 1913 1467 1966 quid
1497 1913 1646 1952 animo

174 1975 362 2028 gereret,
407 1975 717 2027 competenter
759 1986 986 2026 exponens
1028 1986 1131 2013 cum
1170 1971 1356 2012 consilio
1389 1971 1559 2024 pariter
1591 1970 1645 2010 ab

174 2046 226 2074 eo
249 2032 450 2085 exposcit
473 2032 714 2081 auxilium3
749 2032 826 2084 qui
847 2026 998 2072 illicob
1023 2044 1125 2071 cum
1149 2044 1200 2071 eo
1230 2030 1276 2070 in
1300 2043 1411 2083 opus
1435 2029 1521 2070 Dei
1544 2029 1647 2069 duo-

116 2106 149 2131 30
175 2091 321 2132 decim
362 2092 607 2130 monachos
649 2090 784 2137 misit,
834 2091 886 2129 ut
932 2103 1002 2130 res
1043 2090 1226 2142 incepta
1267 2102 1346 2142 per
1394 2101 1466 2128 eos
1512 2088 1648 2140 digna

174 2149 272 2190 fieri
312 2150 475 2202 posset,
518 2150 677 2202 postea
718 2161 796 2201 per
836 2147 988 2201 plures
1021 2147 1190 2200 augeri.
1254 2146 1376 2196 Quos
1407 2146 1454 2185 in
1486 2146 1648 2186 itinere

174 2220 417 2262 parumper
462 2207 736 2260 praecedens
783 2205 1107 2258 Osnabrugge⁰
1162 2205 1370 2258 perrexit,
1419 2204 1498 2244 ubi
1553 2204 1648 2257 ipse

175 2266 309 2306 nudis
342 2265 532 2319 pedibus
565 2267 611 2306 et
643 2265 799 2305 multis
831 2260 1055 2305 lacrimisd
1093 2264 1148 2303 ab
1172 2263 1380 2304 omnibus
1402 2262 1648 2303 honorifice

175 2325 518 2378 gratissimeque
550 2326 760 2377 receptus
793 2323 1144 2377 chirographum
1178 2335 1311 2375 super
1334 2321 1646 2369 decimatione,

116 2399 150 2424 35
175 2383 296 2436 quod
329 2396 480 2423 secum
513 2382 753 2428 detulerat,
788 2381 968 2435 publice
996 2381 1044 2421 in
1068 2380 1257 2421 ecclesia
1278 2380 1458 2420 recitari
1482 2379 1648 2433 populo

177 2441 390 2482 audiente
431 2441 618 2494 Deoque
666 2454 799 2494 super
846 2441 930 2480 hoc
978 2440 1148 2493 gratias
1197 2441 1360 2491 agente
1405 2438 1647 2492 praecepit.

177 2500 266 2541 Sed
297 2500 361 2541 ibi
393 2499 657 2540 ordinandis
697 2499 832 2539 rebus
872 2499 960 2538 iam
1002 2501 1133 2538 tanto
1165 2499 1369 2551 tempore
1403 2496 1648 2537 miserrime

178 2559 444 2599 disturbatis
476 2558 755 2611 aliquamdiu
789 2571 979 2605 morans,
1020 2557 1140 2609 quod
1173 2555 1571 2609 congregationem
1602 2555 1649 2594 in

178 2618 331 2657 monte
362 2617 514 2658 facere
545 2617 697 2666 vellet,
739 2616 1018 2657 fidelioribus
1051 2615 1142 2655 suis
1175 2614 1430 2654 insinuaree
1461 2613 1646 2654 curavit.

117 2720 152 2745 40
176 2720 205 2748 a)
224 2725 257 2742 ac
277 2718 301 2742 G
373 2717 402 2749 b)
421 2719 487 2743 ilico
507 2719 531 2742 G
605 2717 631 2749 c)
651 2718 872 2749 Osnabrnggam
893 2718 932 2747 (θ’,
954 2717 1157 2748 Osnabrugam
1178 2716 1272 2741 SNIE
1361 2714 1390 2745 d)
1410 2715 1544 2746 lacrymis
1566 2714 1599 2744 G,
1627 2717 1650 2738 ef

176 2753 308 2778 similiter
327 2754 440 2784 saepius
511 2753 538 2785 e)
558 2754 599 2778 ita
619 2754 655 2785 G;
676 2754 820 2778 insinuari
840 2753 942 2780 SXIE.

179 2836 212 2877 1)
236 2835 383 2869 Roman.
412 2836 466 2874 12,
494 2836 547 2870 18.
644 2837 680 2878 2)
709 2836 754 2870 D.
782 2837 835 2870 15.
862 2846 906 2869 m.
935 2833 1087 2868 Octobris
1113 2834 1266 2868 a.1080.
1372 2833 1407 2873 3)
1437 2832 1651 2864 „nonasterio

178 2882 212 2916 S.
239 2882 373 2914 Albani
388 2882 627 2924 Mofflmtiensi
644 2882 868 2925 praesidebat
893 2883 1000 2914 annis
1024 2880 1266 2916 1074—1085.
1292 2879 1398 2912 abbas
1418 2878 1650 2912 Godescalcus.

1678 1311 1774 1365 1080.
