1829 3070
132 901 163 925 10

131 1192 163 1217 15

129 2068 163 2093 30

129 2358 162 2383 35

127 2661 163 2686 40
222 2671 225 2673 ·

327 237 452 272 VITA
479 237 730 271 BENNONIS
756 238 807 273 II.
836 238 1059 273 Episcopi
1087 239 1511 276 OSNABRUGENSIS.
1614 246 1658 277 39

187 361 408 411 coegerat.
472 358 604 399 Unde
647 358 729 398 tali
772 359 919 411 elogio
962 374 1047 399 non
1093 361 1239 400 minus
1272 375 1376 401 vero
1418 376 1548 414 quam
1584 363 1785 402 ini-1088.

186 431 346 457 narum
405 419 450 458 et
497 417 757 457 iracundiae
806 417 938 470 pleno
988 418 1258 471 minimeque
1308 434 1385 472 pro
1434 420 1658 473 loquentis

188 476 460 516 auctoritate
494 475 746 528 spernendo
790 476 1033 516 universis*¹
1073 477 1226 516 statim
1271 479 1466 517 concidit
1507 480 1659 530 fragor

188 534 412 576 audatiae.
459 536 791 587 concept-aeque
823 534 1057 574 vecordiae
1100 532 1363 575 eonsiliumb
1403 537 1534 577 inane
1577 538 1657 577 dis-

188 593 352 645 paruit.
416 592 578 644 Sicque
613 592 832 644 paulatim
864 593 1054 632 redditis
1087 594 1259 638 animis,
1300 608 1409 647 quos
1442 596 1658 636 avaritiae

187 652 314 690 furor
337 650 602 697 abstulerat,
626 663 784 690 sanum
808 651 957 691 miseri
974 665 1130 704 sapere
1147 653 1362 703 gestiunt„
1386 653 1658 707 inhibitique

188 708 369 749 sceleris
400 709 488 748 iam
517 709 895 761 congratulantur
917 710 1104 754 auctori,
1139 713 1273 763 atque
1297 712 1391 751 eius
1414 713 1490 755 rei,
1524 726 1657 764 qnam

187 769 318 807 tanto
360 769 495 807 antea
528 767 751 807 bachatu⁰
792 768 1007 808 acerrime
1041 768 1429 822 impugnaverant,
1474 771 1658 811 devo'ws

187 825 482 878 imposterum
525 838 570 865 se
612 825 838 878 spondent
885 826 1098 878 praebere
1139 828 1352 867 fautores.
1428 828 1479 867 [n
1522 843 1656 869 unam

187 884 341 936 itaque
365 884 540 924 cunctis
562 884 757 924 redactis
780 885 1063 929 sententiam,
1089 886 1348 938 sepulturae
1366 887 1658 927 festinantius

188 942 357 982 instare
400 942 662 989 decernunt,
705 942 810 994 quia
852 942 1023 983 diutius
1057 957 1218 996 corpus
1251 945 1415 984 servari
1450 945 1658 985 nimietas

187 1013 279 1040 non
327 1000 531 1053 permisit
578 996 810 1040 aestatisd.
883 1000 970 1041 Sed
1018 1015 1118 1041 cum
1161 1015 1294 1054 super
1335 1003 1418 1043 hac
1459 1017 1506 1043 re
1548 1004 1658 1043 Min-

189 1059 339 1099 densis
382 1061 697 1111 expectaretur
740 1059 1001 1112 episcopus¹
1045 1062 1090 1100 et
1130 1060 1219 1099 iam
1261 1061 1443 1102 minime
1476 1062 1658 1102 futurus

189 1119 413 1157 statutum
457 1117 715 1157 crederetur
757 1117 813 1156 ad
855 1120 1046 1170 tempus,
1090 1118 1185 1158 eius
1217 1119 1373 1159 abbati
1405 1120 1659 1171 iniungitur

189 1176 406 1224 officium,
441 1175 560 1227 quod
593 1175 730 1215 tertio
763 1175 1071 1216 defunctionis
1104 1177 1199 1216 eius
1223 1177 1294 1217 die
1318 1191 1417 1217 cum
1441 1179 1658 1218 fratribus

189 1237 235 1275 et
268 1233 387 1274 clero
420 1234 718 1286 universoque
752 1233 919 1287 populo
952 1234 1211 1274 tristissima
1242 1235 1435 1288 quidem,
1479 1237 1555 1277 sed
1589 1237 1658 1277 de-

187 1293 419 1333 votissima
453 1292 732 1332 exhibitione
765 1292 1019 1344 complevit.
1071 1293 1177 1333 Post
1201 1294 1311 1334 haec
1334 1297 1486 1334 autem
1520 1295 1658 1335 abbas

189 1350 432 1391 stabilitati
482 1350 570 1390 loci
620 1353 755 1403 atque
795 1350 990 1390 utilitati
1037 1352 1270 1392 consulere
1316 1352 1471 1393 volens
1517 1353 1658 1393 totius

188 1409 532 1449 multitudinem
566 1408 673 1449 cleri
697 1409 961 1449 convocavit
983 1422 1194 1458 seorsum,
1229 1411 1530 1451 fraternitatis
1557 1425 1657 1452 cum

189 1468 251 1508 eis
285 1470 330 1508 et
363 1467 619 1521 spiritualia
651 1467 881 1507 societ-atis
912 1467 1096 1508 foedera
1119 1468 1452 1518 concelebrans,
1488 1473 1537 1509 ut
1570 1470 1657 1510 iam

189 1524 550 1579 Osnabrugensis
594 1525 784 1566 ecclesia
825 1526 930 1566 huic
962 1531 1142 1566 nostrae
1183 1540 1272 1567 non
1306 1530 1399 1567 tam
1433 1530 1658 1581 potestate

188 1597 324 1636 quam
357 1584 547 1624 caritate
580 1586 725 1623 mater
758 1586 874 1624 esset
907 1586 953 1624 et
985 1585 1178 1633 domina,
1213 1599 1263 1625 ac
1297 1586 1384 1625 sice
1423 1587 1658 1639 utriusque

189 1642 271 1682 filii
317 1656 397 1695 per
443 1655 575 1682 omne
622 1642 834 1695 deinceps
879 1643 1095 1696 temporis
1142 1644 1338 1696 spatium
1385 1645 1659 1685 unanimiter

189 1700 390 1749 consilio,
434 1700 674 1748 adiutorio,
716 1700 1045 1749 benevolentia,
1088 1702 1304 1742 orationis
1346 1704 1657 1743 communione

149 1776 158 1781 ·
188 1759 275 1799 sibi
306 1771 481 1812 semper
511 1758 702 1798 invicem
737 1758 1016 1798 sociarentur
1046 1759 1094 1798 in
1126 1773 1248 1812 pace.
1301 1760 1400 1801 Illis
1428 1764 1579 1801 autem
1611 1761 1658 1800 in

188 1831 268 1858 sua
300 1817 501 1865 reversis,
537 1816 676 1856 abbas
702 1817 812 1857 item
835 1817 955 1857 circa
980 1817 1156 1858 animae
1184 1818 1376 1858 salutem
1404 1819 1625 1859 sollicitus
1638 1815 1653 1841 f

187 1876 308 1916 infra
337 1875 531 1928 triginta
562 1875 737 1915 dierum
769 1875 970 1928 spacium
1004 1876 1304 1916 continuatim
1326 1877 1544 1918 fratribus
1573 1878 1658 1918 sibi

188 1948 268 1987 per
298 1934 418 1974 vices
450 1933 799 1974 succedentibus
840 1934 898 1973 ad
935 1934 1225 1986 sepulchrum
1258 1935 1534 1988 psalmodiae
1566 1949 1657 1976 ora-

188 1993 360 2033 tionem
401 2005 496 2033 esse
538 1992 790 2032 constituit.
853 1992 912 2032 Et
944 1993 1049 2045 quia
1080 1993 1311 2033 nondumg
1345 1994 1458 2034 tecti
1491 1994 1658 2047 perfec-

187 2051 312 2092 tione
335 2052 573 2091 constante
595 2050 824 2090 interdum
847 2050 1142 2091 turbarentur
1163 2051 1342 2104 pluviae
1364 2052 1657 2093 infestatione

188 2109 447 2162 psallentes,
481 2108 762 2161 tuguriolum
795 2121 848 2148 ex
880 2108 1015 2161 lignis
1046 2109 1174 2148 iuxta
1212 2110 1475 2162 composuit,
1518 2113 1570 2150 ut
1609 2111 1657 2150 in

189 2167 284 2208 eius
317 2166 610 2207 absconsione
643 2166 859 2206 orationis
891 2167 1111 2206 instantia
1141 2181 1231 2207 non
1253 2168 1658 2222 interrumperetur

189 2239 215 2266 a
244 2225 427 2265 turbine
470 2226 515 2264 et
556 2238 581 2263 a
613 2224 780 2303 pluvia.
842 2224 1006 2265 Postea
1046 2228 1199 2265 autem
1240 2227 1511 2278 procedente
1550 2229 1657 2267 tem-

188 2297 296 2337 pore
329 2282 608 2323 mauseolum
627 2286 636 2304 ¹
667 2282 743 2330 ibi,
778 2283 882 2335 quia
914 2283 1110 2323 metallis
1142 2297 1231 2323 non
1254 2285 1416 2337 potuit,
1451 2288 1657 2326 extructo

190 2342 432 2395 lapidibus,
475 2341 609 2381 breve
643 2341 926 2393 epitaphium
959 2341 1127 2394 sepulti
1158 2343 1418 2382 memoriam
1451 2343 1657 2384 absolute

186 2400 393 2440 indicans
426 2399 495 2439 his
527 2399 756 2452 inscripsit
787 2399 1040 2439 versiculis:

248 2458 358 2508 Quis
390 2458 486 2502 sim,
520 2457 696 2504 lecturi,
731 2458 849 2509 quod
883 2471 993 2507 sum,
1027 2458 1297 2510 quandoque
1328 2459 1486 2508 futuri,

307 2516 479 2557 Dicite:
514 2515 700 2556 Praesul
735 2511 892 2560 lia-vei,
929 2516 1084 2556 Benno
1120 2513 1377 2569 perhennek
1404 2518 1517 2559 vale.

248 2573 394 2624 Quem
426 2588 525 2615 mea
556 2588 656 2627 spes
689 2574 867 2623 struxit,
911 2574 1035 2614 locus
1078 2575 1151 2614 hic
1196 2589 1295 2615 mea
1334 2576 1496 2617 funera
1529 2576 1656 2625 luxit,

305 2632 379 2681 Te,
414 2633 518 2681 Iuli,
552 2633 705 2672 novies
736 2636 828 2672 tres
860 2635 1105 2685 peragente
1138 2633 1245 2673 dies.

188 2720 217 2753 a)
236 2722 278 2745 ita
297 2721 339 2751 G,-
364 2721 519 2746 universus
539 2722 648 2751 SNIE,·
674 2728 745 2753 quae
764 2722 843 2745 lectio
863 2725 974 2745 rectane
992 2723 1038 2752 sit,
1058 2723 1154 2746 dubito
1228 2722 1257 2753 1))
1279 2722 1412 2753 disperiit
1432 2728 1460 2748 et
1481 2724 1548 2750 add.
1569 2724 1663 2748 SNAE

189 2758 215 2787 c)
234 2756 379 2780 bacchatu
399 2763 493 2780 omnes
546 2755 576 2784 d)
596 2757 702 2781 aetatis
717 2758 740 2780 G
795 2758 822 2786 e)
843 2757 882 2780 ita
897 2758 936 2786 G;
957 2757 980 2780 si
995 2757 1089 2781 SNIE
1140 2757 1163 2788 f)
1181 2758 1310 2782 solicitus
1324 2760 1347 2781 G
1402 2759 1432 2789 g)
1452 2759 1541 2783 totius
1559 2759 1659 2790 templi

189 2792 256 2818 add.
276 2791 370 2815 SNIE
423 2791 453 2820 h)
472 2791 514 2814 ita
533 2791 574 2820 G·;
594 2792 791 2816 mausolaeum
812 2792 906 2815 SXIE
957 2792 978 2823 i)
998 2792 1072 2816 habe
1094 2800 1188 2816 omnes
1245 2793 1275 2823 k)
1297 2794 1337 2816 itu
1357 2795 1393 2822 S,·
1413 2801 1539 2824 perenne
1553 2794 1660 2821 GNIE.

190 2860 226 2904 1)
251 2861 469 2895 Folcmarns.

1687 2471 1733 2513 <4⁵

1750 2473 1761 2512 >
