1829 3070
120 907 153 930 10

122 1237 153 1260 15

319 241 442 276 VITA
468 241 722 276 BENNONIS
744 241 794 278 11.
821 241 1049 277 EPISCOPI
1076 243 1168 278 osN
1175 243 1504 280 ABRUCENSIS
1608 247 1648 280 ll

175 364 241 405 rei
275 364 571 404 maturandae
605 366 651 405 et
685 365 930 418 diligenter
961 364 1250 417 exequendae
1285 365 1515 405 dominum
1541 366 1649 406 Ben-

176 436 338 463 nonem
374 436 579 476 praeesse
604 424 856 473 constituit,
890 423 1034 463 sciens
1057 436 1102 462 se
1126 423 1260 462 huius
1282 424 1345 464 rei
1371 438 1455 463 non
1483 425 1648 464 habere

178 481 424 521 fideliorem
467 494 549 521 neo
591 482 647 522 ad
691 483 774 522 hoe
813 495 974 521 munus
1007 482 1314 533 exequendum
1351 483 1492 534 magis
1525 483 1649 522 indu-

177 540 352 580 strium.
415 539 601 580 Poterat
643 541 760 580 enim
794 541 889 581 eius
921 540 966 579 in
1001 540 1085 579 hac
1119 553 1164 578 ie
1197 554 1371 580 summi
1404 541 1565 594 peritia
1597 555 1650 582 ex

179 597 582 645 Hildesheimeusi,
636 599 714 639 ubi
766 601 874 639 tune
924 612 988 651 pl
978 598 1206 651 ¹repositus
1258 599 1649 647 fuit,st1uetuia

179 656 363 698 dinosci
399 657 526 696 cuius
558 657 621 697 ibi
655 656 1088 710 111a2·isterio·1.piae
1114 658 1353 698 memmi-te
1377 657 1647 705 Heeelone¹

178 715 274 755 eius
306 715 396 755 loci
428 715 651 768 episeopo
685 701 755 756 tot
789 716 970 768 ος··10()·1ι
1003 715 1209 755 aedifici-1
1233 719 1410 756 constat
1434 730 1527 756 esse
1551 730 1650 756 <on-

178 776 364 814 structa.
437 773 536 813 Hae
584 775 737 827 itaque
780 775 1076 826 caeterisque,
1120 787 1228 826 quas
1276 775 1321 814 in
1365 789 1415 814 eo
1458 775 1650 814 diximus

179 833 306 877 sitas,
349 831 519 871 virtute
561 833 830 885 conspicuus
872 832 1035 873 exteris
1077 846 1253 885 quoque
1302 833 1564 885 potentibus
1605 837 1650 873 et

180 890 373 930 dominis
406 890 528 930 fama
561 891 778 943 vulgante
812 891 960 944 coepit
993 903 1088 931 esse
1122 891 1399 943 expetibilis3
1436 892 1650 944 prudenti

179 949 345 1002 quippe
379 948 566 989 consilio
601 952 765 990 cuncta
798 949 1032 997 exteriora,
1068 949 1230 1001 exigua
1263 949 1369 990 lieet
1403 952 1447 989 et
1473 950 1648 997 frivola,

180 1007 440 1060 dispensare
473 1007 682 1054 callebat,
716 1008 781 1048 ita
814 1010 865 1047 ut
898 1007 1162 1060 plerumque
1196 1008 1331 1047 etiam
1366 1008 1651 1061 pauperculis

177 1066 313 1106 rebus
355 1065 410 1105 ab
453 1065 607 1106 amieis
650 1066 895 1113 adhibitus,
944 1065 1191 1106 multorum
1234 1066 1415 1106 divitias
1455 1066 1651 1119 eleg-anti

178 1124 404 1164 industria
438 1124 584 1164 fretus
617 1127 844 1177 aequaret.

326 1221 390 1256 10.
439 1217 546 1257 Fuit
593 1218 749 1258 eodem
797 1220 999 1272 tempore
1047 1218 1165 1271 apud
1216 1217 1450 1258 Coloniam
1497 1220 1692 1272 Agrip&

181 1277 331 1330 pinam
395 1277 526 1316 Anno
591 1277 848 1329 episeopus.
913 1277 979 1316 vir
1043 1277 1333 1317 admirandae
1397 1278 1653 1318 sanctitatis

180 1335 434 1387 nostrisque
473 1335 752 1388 temporibus
801 1336 1051 1388 stupendae
1092 1336 1286 1379 virtutis,
1336 1336 1424 1388 qui,
1475 1336 1652 1377 divinae

180 1393 354 1446 gratiae
396 1393 582 1446 speciali
623 1407 808 1434 munere
850 1394 1010 1447 plenus
1050 1397 1180 1433 tanto
1213 1394 1259 1432 in
1292 1393 1390 1434 loco
1422 1394 1652 1447 tantisque

181 1452 352 1492 divitiis
401 1454 447 1492 et
493 1451 638 1505 gloria
680 1452 829 1491 animo
872 1465 1046 1504 semper
1088 1452 1358 1492 caelestibus
1398 1453 1651 1501 inhaerens,

121 1530 155 1554 κα
181 1514 361 1551 terrena
422 1514 587 1550 cuncta
649 1510 894 1563 mundique
957 1510 1151 1551 furentis
1214 1511 1383 1551 caduca
1435 1511 1651 1564 despexit,

122 2407 155 2432 35

122 2733 156 2757 40

181 1571 379 1609 structor
420 1569 809 1616 monasteriorum,
859 1568 1147 1609 ecclesiarum
1191 1574 1423 1622 reparator
1464 1572 1509 1609 et
1552 1583 1653 1622 pau-

181 1641 337 1680 perum
370 1641 536 1668 servus.
586 1627 673 1667 Sed
696 1629 929 1667 tantarum
953 1640 1101 1667 rerum
1127 1627 1243 1668 mole
1276 1628 1482 1667 tardatus
1506 1628 1652 1668 minus

181 1685 430 1726 efficaciter
461 1685 525 1725 ire
558 1688 750 1738 poterat,
790 1699 877 1738 quo
910 1685 1019 1725 totis
1052 1686 1221 1726 viribus
1254 1688 1299 1726 et
1331 1686 1453 1725 omni
1485 1686 1652 1726 virtute

179 1744 412 1785 tendebat.
458 1743 779 1785 Verumtamen
805 1757 894 1784 non
919 1744 1085 1783 bonum
1108 1744 1363 1791 aestimans,
1388 1744 1424 1784 si
1447 1745 1654 1785 universa

121 1822 150 1846 ·.·
182 1802 426 1850 mundalia,
469 1816 583 1854 quae
625 1802 680 1841 ad
724 1815 769 1842 se
803 1802 1104 1855 pertinebant,
1138 1802 1345 1842 incurata
1377 1802 1653 1855 relinqueret

179 1884 236 1888 —
268 1874 382 1914 quae
415 1861 523 1901 lieet
555 1860 641 1900 sibi
672 1860 720 1900 in
752 1860 825 1900 via
847 1860 933 1900 Dei
965 1860 1144 1901 obstare
1178 1861 1459 1904 videbantur,
1497 1874 1652 1902 curare

179 1923 333 1960 tamen
355 1919 504 1973 gravis
537 1918 671 1972 culpa
704 1933 791 1958 non
825 1919 916 1958 fuit
939 1941 1006 1964 ——,
1035 1919 1181 1958 virum
1214 1919 1299 1958 sibi
1332 1919 1388 1959 ad
1421 1919 1531 1959 haec
1563 1919 1653 1959 ido-

180 1991 315 2019 neum
344 1978 646 2030 undecunque
670 1977 904 2030 quaesivit.
954 1976 1049 2017 Sibi
1078 1978 1243 2030 quippe
1274 1977 1478 2017 subditos
1501 1991 1653 2018 omnes

179 2036 294 2077 bene
322 2038 368 2076 et
389 2037 639 2090 prudenter
661 2049 949 2089 cognoscens,
984 2035 1174 2075 aliorum
1197 2036 1426 2076 fatuitate.
1462 2036 1653 2076 aliorum

122 2115 136 2139 3
180 2108 285 2135 vero
316 2094 602 2140 infidelit-ate,
647 2094 839 2147 denique
876 2094 948 2134 vel
979 2094 1135 2147 inepta
1168 2094 1380 2146 largitate
1412 2094 1483 2134 vel
1515 2095 1654 2134 nimia

181 2153 403 2206 parcitate
426 2152 637 2199 offensus,
671 2153 805 2197 hunc,
842 2153 896 2192 de
919 2165 1006 2204 quo
1031 2152 1217 2205 agimus,
1252 2155 1424 2204 patrem
1449 2155 1653 2192 nostrum

182 2212 445 2252 Bennonem
479 2211 557 2251 diu
598 2210 684 2250 sibi
725 2213 831 2250 ante
862 2210 987 2250 fama
1019 2212 1063 2250 et
1095 2210 1213 2250 facie
1245 2210 1533 2264 ipsarumque
1565 2224 1655 2251 sae-

181 2270 362 2323 pissime
394 2283 542 2309 rerum
577 2269 855 2321 experientia
895 2268 1181 2309 notissimum
1223 2268 1279 2308 ab
1318 2269 1526 2322 episcopo
1559 2282 1651 2317 suo,

181 2327 412 2368 Hecelone
446 2327 670 2369 videlicet,
713 2327 1006 2380 impetratum
1038 2327 1250 2379 regiaque
1283 2327 1340 2367 ad
1374 2328 1528 2367 horam
1561 2341 1654 2380 per-

182 2386 390 2426 missione
433 2386 667 2426 dimissum
714 2385 922 2426 accersiri
963 2385 1174 2425 curavit?
1248 2385 1332 2426 Cui
1376 2385 1654 2438 aliquamdiu

181 2458 333 2485 seeum
375 2445 574 2493 detento,
618 2446 670 2483 ut
710 2457 862 2484 rerum
903 2444 1203 2497 gerendarum
1246 2444 1568 2497 hominumque
1610 2448 1654 2484 et

183 2583 217 2621 1)
245 2581 377 2623 Hecz'lo,
397 2582 622 2624 praepositus
646 2581 800 2614 ecclesiae
825 2584 1026 2613 sanctorum
1052 2580 1207 2613 Simonis
1231 2584 1261 2613 et
1278 2581 1390 2612 Iudae
1409 2581 1654 2621 Ges-lariensis,

181 2629 414 2669 episcopatum
439 2627 766 2661 Hilcleskeessmensem
792 2628 938 2670 adeptus
962 2637 1057 2659 anno
1077 2628 1177 2661 1054.
1204 2628 1296 2659 rescit
1320 2638 1426 2669 usque
1450 2628 1497 2659 ad
1521 2638 1655 2659 annum

185 2675 284 2708 1079.
325 2674 498 2714 Quomodo
522 2676 561 2706 in
586 2674 806 2715 aedificanda
832 2674 965 2707 ecclesia
990 2673 1186 2706 cathedrali
1201 2673 1492 2707 Hildeslzeimenszss
1516 2674 1654 2706 lahora-

182 2722 278 2764 verit,
315 2722 477 2762 exposuit
509 2721 666 2762 Mithoff,
705 2721 1020 2753 ‘Kunstdenlcmale
1055 2721 1126 2752 und
1159 2721 1398 2753 Alterthic'mer
1431 2723 1478 2752 im
1510 2720 1655 2753 Hanno-

185 2767 357 2800 cerschen'
382 2767 454 2808 HI,
482 2769 527 2802 98
540 2778 590 2810 8.;
625 2768 671 2808 cf.
698 2768 876 2809 Bertram,
902 2767 1112 2800 ‘Geso-hicme
1135 2768 1193 2800 des
1219 2767 1402 2800 Bz'sthzcms
1426 2767 1655 2800 Hildeslzeim'

182 2814 211 2855 I,
240 2815 306 2848 113
320 2824 387 2852 ss.,·
422 2813 504 2853 otte,
532 2815 742 2847 ‘Geschichte
765 2815 827 2846 der
852 2814 1104 2849 Bomam'schen
1129 2814 1319 2846 chkunst
1345 2815 1381 2846 in
1407 2814 1656 2847 Deutschland’

124 2870 127 2872 ·
176 2872 215 2903 p.
238 2862 315 2895 166.
411 2861 448 2902 2)
477 2860 553 2893 Hoc
577 2863 684 2893 amzz's
707 2862 846 2894 circiter
872 2861 1114 2896 1066—1068.
1141 2861 1274 2901 factum
1300 2871 1368 2893 esse
1394 2860 1538 2895 videtur.
