1834 3055
172 260 216 293 20
275 291 277 295 Α
313 257 438 292 VITA
464 256 716 291 BENNONIS
741 257 794 293 ΙΙ.
819 257 1048 292 EPISCOPI
1074 258 1499 297 OSNABRUGENSIS.

171 378 474 431 praemiorum
496 378 854 431 recompensatio
876 377 1139 431 largitione3
1175 379 1358 432 eiusque
1383 380 1641 422 voluntaria

171 438 425 489 paupertas,
461 437 532 476 cui
564 450 685 477 nunc
718 449 795 477 rex
815 437 958 476 tantis
980 438 1327 478 necessitatibus
1350 440 1639 492 praepeditus

169 494 366 548 pleniter
398 495 635 535 subvenire
667 508 758 535 non
790 495 953 548 potuit,
994 509 1072 549 spe
1105 496 1258 549 aliqua
1287 496 1472 538 futurae
1505 498 1639 538 abun-

171 552 355 593 dantiae
388 553 581 594 recreari
614 555 885 606 expectaret.
940 554 1129 603 Deinde,
1164 555 1240 607 qui
1273 568 1371 595 eam
1404 555 1637 606 haberent,

167 611 257 650 iam
291 611 427 652 etiam
460 613 610 652 essent
640 612 793 652 hostes
819 612 991 665 publici
1023 615 1068 654 et
1100 614 1359 653 omnimoda
1380 627 1406 653 a
1426 628 1531 668 rege
1560 629 1639 668 pro

169 683 274 710 suae
316 669 530 723 perfidiae
572 670 743 711 meritis
784 670 1011 711 calumnia
1052 673 1097 712 et
1138 671 1267 712 clade
1307 671 1550 725 plectendi,
1595 675 1640 713 et

168 728 381 781 quicquid
415 741 468 768 ex
500 729 656 768 eadem
690 728 989 770 decimatione
1013 729 1307 770 emolumenti
1329 730 1401 770 vel
1422 731 1639 771 utilitatis

169 786 437 839 acciperent,
470 787 621 839 regiae
654 789 771 827 esset
803 787 961 840 procul
994 788 1130 828 dubio
1164 788 1414 829 maiestatis
1445 789 1638 830 minutio

168 845 456 898 hostiumque
503 845 776 898 pervicatiae
825 847 870 886 et
909 846 1198 899 turpissimae
1240 847 1506 887 desertionis
1549 861 1638 887 mu-

167 904 303 953 nitio3
348 903 385 943 si
425 903 578 956 itaque
620 903 755 957 regiis
795 904 1011 957 impensis
1053 907 1202 945 essent
1234 905 1387 945 hostes
1419 906 1636 954 armandi,

167 975 259 1002 non
291 962 499 1002 sufficere
532 962 689 1015 utique
721 962 817 1014 regi
850 963 1077 1010 donativa,
1120 964 1240 1003 unde
1273 977 1375 1003 suos
1407 964 1453 1003 in
1487 965 1637 1005 hostes

168 1022 377 1061 armaret.
445 1020 678 1061 Postremo
725 1021 831 1073 quia
877 1021 962 1060 iam
1006 1035 1083 1062 rex
1124 1036 1204 1075 pro
1246 1022 1442 1075 peccatis
1482 1023 1572 1062 suis
1613 1037 1638 1062 a

168 1078 265 1119 Deo
297 1079 344 1118 in
375 1079 517 1118 tantis
550 1079 739 1119 miseriis
763 1079 1004 1119 derelictus
1028 1093 1122 1120 esse
1154 1080 1397 1129 videretur,
1430 1080 1638 1120 omnibus

168 1140 297 1178 euma
345 1137 432 1177 iam
481 1137 651 1177 viribus
706 1137 793 1177 niti
838 1140 1079 1191 oporteret,
1133 1140 1185 1177 ut
1231 1138 1348 1178 iuste
1395 1138 1637 1179 iudicando

166 1195 449 1236 reconciliari
496 1198 646 1249 posset
699 1209 919 1249 supernae
969 1196 1192 1243 iustitiae,
1246 1210 1379 1249 quam
1432 1197 1637 1250 plurimis

166 1254 486 1307 iniquitatibus
519 1257 564 1294 et
596 1254 863 1294 secularium
899 1255 1089 1295 maxime
1120 1255 1399 1295 iustitiarum
1425 1255 1637 1309 neglectu

167 1313 289 1352 omni
330 1326 443 1366 pene
484 1313 604 1353 vitae
646 1326 752 1353 suae
792 1315 995 1366 tempore
1028 1313 1304 1354 offendisset.
1367 1313 1453 1354 His
1484 1315 1636 1367 itaque

166 1371 356 1423 aliisque
388 1371 675 1424 perplurimis
709 1374 753 1412 et
785 1371 958 1411 idoneis
992 1372 1315 1412 assertionibus
1336 1373 1431 1424 regi
1451 1373 1635 1413 tandem

167 1432 345 1470 constat
378 1443 471 1470 esse
504 1443 779 1483 persuasum,
814 1432 864 1469 ut
896 1444 988 1470 rem
1023 1430 1332 1483 episcoporum
1357 1431 1636 1483 aliorumque

168 1488 336 1529 Christi
378 1488 580 1529 fidelium
620 1488 788 1528 iudicio
827 1489 1123 1541 permitteret,
1167 1484 1347 1529 eorumb
1385 1502 1430 1529 se
1472 1489 1635 1529 diffini-

165 1547 311 1587 tivaeC
360 1547 612 1587 sententiae
654 1547 885 1598 probando
927 1560 1226 1595 assensurum,
1276 1547 1348 1586 cui
1387 1549 1552 1596 tamen,
1600 1548 1636 1587 si

165 1605 315 1653 vellet,
359 1618 404 1646 se
446 1605 626 1645 dicebat
657 1605 877 1658 refragari
909 1605 1223 1646 honestissime
1255 1619 1396 1658 posse,
1439 1608 1484 1646 et
1516 1606 1634 1658 quod

164 1665 294 1703 tanto
326 1665 529 1716 tempore
563 1663 644 1703 sub
677 1665 747 1703 tot
779 1663 1126 1716 imperatoribus
1160 1666 1205 1704 et
1236 1664 1420 1703 famosis
1452 1664 1634 1716 regibus

164 1722 402 1762 mansisset
434 1721 678 1769 immobile,
712 1721 798 1762 sibi
830 1735 1006 1774 quoque
1039 1723 1194 1762 eadem
1228 1722 1474 1763 violatione
1511 1722 1634 1762 iusti-

162 1780 254 1820 tiae
303 1794 392 1820 non
443 1776 636 1820 mutarid
683 1780 859 1820 debere.
922 1780 1138 1820 Primitus
1186 1781 1305 1820 enim
1353 1782 1399 1821 et
1442 1781 1515 1821 hic
1556 1794 1634 1821 rex

162 1839 402 1879 videbatur
434 1840 768 1879 antecessorum
801 1852 982 1878 suorum
1006 1839 1240 1878 avaritiam
1263 1838 1379 1879 velle
1401 1839 1631 1887 aemulari,

163 1898 239 1949 qui
280 1897 335 1937 ab
377 1899 568 1949 utraque
610 1897 798 1937 ecclesia
839 1897 944 1936 hinc
986 1897 1091 1937 inde
1133 1897 1283 1949 aliquo
1322 1897 1530 1950 episcopo
1565 1897 1632 1937 vel

163 1955 327 1995 abbate
361 1955 578 1995 defuncto
612 1955 806 1994 maxima
829 1955 1036 1995 solebant
1059 1955 1185 1995 lucra
1208 1956 1382 2004 sectari,
1418 1957 1463 1995 et
1485 1956 1519 1995 si
1542 1955 1632 1995 iam

162 2013 242 2052 uni
284 2013 498 2054 ecclesiae
537 2013 810 2066 sempiterna
843 2015 991 2053 essent
1024 2013 1276 2053 stabilitate
1309 2013 1499 2062 firmata,
1542 2013 1631 2053 iam

164 2085 208 2112 se
242 2072 434 2124 amplius
467 2072 552 2112 hoc
586 2072 818 2112 commodo
852 2071 1098 2111 cariturum
1132 2072 1411 2125 posterisque
1452 2071 1632 2124 regibus
1658 2087 1672 2110 a

162 2144 251 2170 non
300 2130 485 2170 minima
532 2130 806 2170 detrimenta
851 2130 1117 2170 relicturum
1161 2130 1386 2170 dicebate.
1450 2130 1632 2170 Verum—

161 2190 313 2228 tamen
362 2189 483 2229 omni
531 2189 710 2228 demum
759 2188 1048 2229 cavillatione
1101 2189 1363 2241 postposita,
1417 2202 1494 2229 rex
1540 2189 1631 2229 sive

163 2249 347 2299 apertae
380 2247 545 2286 rationi
578 2260 655 2287 seu
677 2247 939 2287 rationabili
962 2260 1143 2287 suorum
1167 2247 1447 2300 suggestioni
1469 2247 1630 2286 cedens

161 2305 302 2344 totius
337 2305 565 2344 cardinem
597 2305 703 2354 litis,
739 2319 839 2345 cum
872 2306 1081 2345 adessent
1114 2306 1250 2345 etiam
1277 2319 1410 2358 quam
1433 2304 1628 2358 plurimi,

162 2363 236 2415 qui
270 2377 349 2415 pro
383 2362 573 2403 abbate1
606 2363 910 2415 loquerentur,
954 2363 1259 2403 ecclesiastica
1300 2363 1629 2403 examinatione

162 2421 454 2474 synodalique
495 2421 672 2461 iustitia
713 2422 915 2474 permisit
957 2421 1114 2461 evolvi.
1187 2422 1349 2473 Itaque
1392 2421 1524 2460 huius
1565 2421 1627 2460 rei

161 2479 308 2531 gratia
348 2479 446 2519 loco
489 2480 648 2531 dieque
691 2482 864 2519 statuta
897 2480 1091 2532 synodus
1126 2481 1193 2519 est
1226 2481 1499 2531 congregata
1514 2479 1538 2523 2,
1582 2479 1629 2518 in

161 2550 249 2589 qua
290 2537 599 2590 episcoporum
644 2537 890 2577 multitudo
933 2537 1188 2589 caeterique
1221 2537 1628 2577 ecclesiasticarum

160 2674 188 2702 a)
208 2673 284 2697 enim
299 2674 323 2696 G
342 2673 471 2703 (.§'.'2)NJ,·
493 2681 556 2696 enm
578 2674 733 2697 menam-it
752 2674 779 2696 E
843 2673 873 2705 b)
893 2674 933 2697 ι’ἰα
947 2673 1056 2703 SN1E;
1075 2680 1233 2703 eorumque
1247 2673 1270 2695 G
1338 2677 1363 2704 c)
1377 2673 1417 2696 ita
1438 2673 1545 2701 SSIL';
1566 2671 1627 2697 (lef-

161 2708 258 2732 linittte
272 2708 295 2731 G
369 2707 529 2741 (l)1nutare
549 2708 571 2731 G
646 2710 672 2738 c)
692 2709 765 2732 deest
785 2708 824 2738 G;
843 2709 970 2738 forsitan
990 2708 1070 2731 (rll'ml
1089 2709 1180 2731 simile
1201 2708 1310 2731 verbnm
1330 2708 1523 2738 supplendum,

162 2825 195 2864 l)
227 2824 422 2856 corbeiensi
446 2824 644 2857 W'ernhero.
765 2824 802 2866 2)
833 2824 1043 2856 lVormatiae
1069 2823 1158 2856 hauc
1182 2825 1353 2865 synodum
1387 2828 1625 2866 conyreyatam

160 2880 238 2910 esse,
266 2870 408 2902 chao-tae
433 2870 594 2903 Heiurici
617 2871 711 2912 reglis
735 2871 862 2904 docent.

1666 631 1681 655 5

1667 922 1698 946 10

1667 1213 1698 1238 15

1663 1505 1696 1529 20

1660 1795 1693 1820 25

1656 2376 1688 2400 35

1653 2707 1687 2731 40
