1793 3080
241 253 362 288 VITA
389 253 641 289 BENNONIS
667 253 717 290 II.
744 253 970 288 EPISCOPI
994 249 1421 288 OSNABRUGENSIS.
1548 255 1568 287 9

94 375 245 417 aiebat
291 389 337 417 se
383 375 505 417 nolle
553 389 632 430 pro
678 375 759 416 illo
807 375 985 415 missam
1031 378 1235 423 cantare,
1285 376 1331 415 et
1372 374 1409 414 si
1449 374 1568 415 forte

95 436 371 488 quereretur,
405 437 625 488 quantum
659 434 872 487 exigeret,
908 434 1020 474 duos
1053 433 1220 474 solidos
1254 435 1334 473 aut
1364 435 1456 473 tres
1489 436 1568 473 aut

94 505 146 534 eo
188 493 353 547 plures,
403 496 537 547 prout
580 493 851 534 facultatem
891 492 1094 544 rogantis
1142 492 1354 538 attendit,
1404 492 1566 543 exegit.

94 550 296 605 Cumque
338 551 556 606 plurimos
597 553 677 592 aut
717 551 815 605 ipsa
846 551 1119 592 verecundia
1159 564 1237 592 seu
1271 551 1434 590 caritas
1476 551 1568 591 sive

50 622 66 647 5
93 610 361 664 episcopalis
402 610 668 659 reverentia,
712 612 930 663 quantum
972 610 1068 663 ipse
1111 609 1262 657 vellet,
1307 609 1412 649 dare
1454 622 1567 649 com-

93 668 294 721 pelleret,
326 670 477 709 totum
504 669 583 708 uni
610 668 799 722 pauperi
825 668 963 715 dedit,
990 670 1041 707 ut
1068 668 1269 709 vestibus
1296 668 1567 720 comparatis

90 726 169 768 ille
203 741 282 780 pro
315 727 620 768 manducante
653 729 816 768 oraret·
865 726 996 777 Quod
1028 728 1203 767 factum
1235 727 1330 780 ipse
1363 739 1567 780 praesen-

91 785 213 826 tibus
253 785 410 827 taliter
450 786 608 827 itidem
650 785 841 826 iocando
884 785 1198 826 commendare
1237 785 1424 831 solebat,
1469 785 1566 827 Deo

90 844 305 885 videlicet
345 845 519 897 gratius
561 857 668 890 esse,
711 857 955 898 pauperem
988 844 1128 884 fuisse
1160 845 1388 890 vestitum,
1431 857 1566 896 quam

33 914 66 938 10
91 916 136 943 se
170 916 250 956 per
287 905 437 943 totum
471 903 590 943 diem
622 917 814 944 vacuum
847 905 1053 943 ventrem
1086 905 1300 956 portasse,
1344 905 1480 955 atque
1513 917 1565 943 eo

89 963 224 1015 pacto
257 963 303 1002 et
328 961 601 1002 satisfecisse
625 962 883 1002 domesticis
907 964 953 1002 et
976 961 1249 1015 pauperibus
1273 961 1563 1007 consuluisse,

89 1020 166 1061 sed
208 1033 290 1061 nec
332 1020 492 1061 solitae
534 1020 763 1061 devotioni
802 1020 996 1059 multum
1031 1019 1304 1061 subtraxisse
1337 1020 1564 1061 mediante

89 1078 280 1119 caritate
333 1080 580 1120 curaverat.
665 1078 753 1119 Sed
804 1079 924 1119 inter
977 1079 1087 1119 haec
1140 1080 1293 1120 tamen
1344 1079 1437 1118 irae
1490 1079 1564 1119 ali-

88 1137 269 1190 quando
302 1137 450 1178 minus
472 1138 694 1191 imperare
718 1140 763 1178 et
784 1137 1066 1178 iracundiam
1089 1139 1341 1191 temperare
1367 1137 1561 1182 valebat,

31 1207 63 1232 15
88 1196 152 1235 ita
195 1197 247 1235 ut
288 1195 552 1249 plerumque
595 1196 730 1236 etiam
773 1196 869 1236 sine
909 1196 1086 1236 ratione
1134 1196 1363 1237 videretur
1409 1195 1561 1246 irasci:

88 1256 427 1294 verumtamena
465 1268 516 1295 eo
549 1254 694 1300 modo,
735 1267 823 1307 quo
857 1254 911 1295 de
952 1267 998 1294 se
1039 1254 1135 1307 ipso
1169 1255 1351 1307 quidam
1390 1254 1560 1296 aiebat:

287 1312 429 1353 Irasci
462 1313 623 1361 facilis,
657 1315 810 1353 tamen
845 1315 895 1352 ut
928 1313 1164 1366 placabilis
1198 1316 1314 1354 esset
1331 1314 1355 1352 ¹.

88 1369 213 1421 Quae
247 1367 365 1412 siveb
401 1371 606 1412 consulte
639 1371 731 1412 sive
758 1372 950 1424 quadam
986 1385 1087 1412 cum
1122 1372 1327 1425 passione
1361 1373 1562 1414 effecerit

87 1429 238 1476 animi,
280 1430 524 1483 plurimum
557 1430 643 1470 sibi
674 1430 887 1470 nimirum
921 1444 947 1471 a
980 1431 1174 1471 subditis
1205 1432 1484 1472 reverentiae
1517 1435 1561 1473 et

28 1500 61 1525 20
86 1488 261 1528 timoris
295 1489 495 1529 extorsit.

229 1573 266 1609 S.
315 1570 501 1611 Praeter
533 1583 607 1611 eos
640 1573 806 1619 autem,
841 1584 951 1623 quos
985 1584 1246 1612 enumerare
1270 1572 1454 1624 longum
1480 1574 1559 1620 est.

86 1628 133 1668 in
175 1642 226 1670 eo
269 1628 378 1669 sitos
420 1629 726 1682 experientiae
767 1643 873 1669 usus
915 1643 1188 1670 summarum
1223 1631 1380 1683 utique
1411 1644 1558 1671 rerum

87 1687 481 1727 administratione
509 1688 796 1741 dignissimos
823 1690 920 1728 erat
953 1689 993 1728 ei
1027 1690 1072 1728 et
1104 1688 1320 1729 leviorum
1356 1689 1562 1729 miranda

87 1745 262 1798 peritia.
322 1745 565 1786 Villieandi
599 1746 717 1787 enim
752 1746 941 1786 scientia
973 1747 1085 1787 adeo
1118 1760 1253 1800 super
1284 1761 1438 1788 omnes
1471 1747 1562 1801 pol-

27 1815 61 1841 25
87 1803 223 1848 lebat,
259 1817 372 1856 quae
404 1804 618 1845 videlicet
648 1805 695 1844 in
729 1805 945 1845 aedificiis
979 1806 1305 1847 construendis.
1346 1806 1561 1846 iumentis

87 1867 133 1903 et
165 1862 402 1915 pecoribus
436 1863 694 1910 educandis,
738 1863 857 1916 agris
899 1863 1098 1904 serendis
1131 1864 1378 1904 aliarumve
1410 1878 1559 1905 rerum

85 1921 357 1961 rusticarum
409 1923 616 1962 constare
658 1922 839 1962 videtur
878 1935 1146 1975 quacunque
1190 1923 1381 1971 cultura,
1428 1937 1562 1975 quam

86 1981 240 2020 tamen
271 1993 362 2020 non
396 1993 478 2020 usu
514 1982 693 2020 constat
725 1994 828 2020 eum
861 1980 1084 2027 didicisse,
1120 1981 1196 2021 sed
1220 1983 1329 2022 arte.
1363 1984 1415 2021 ut
1447 1995 1561 2034 pene

87 2038 198 2078 haec
246 2052 298 2078 eo
339 2051 471 2079 nemo
514 2041 692 2079 curaret
735 2039 946 2079 solertius
987 2053 1068 2080 nec
1111 2040 1180 2080 his
1213 2040 1393 2080 ‘felicius
1426 2041 1563 2080 abun-

28 2108 61 2133 30
87 2097 228 2137 daret.
293 2097 431 2137 Porro
473 2097 521 2136 in
562 2097 787 2137 solutione
829 2098 1104 2147 reddituum,
1149 2111 1258 2150 quos
1300 2112 1449 2138 annua
1493 2099 1562 2139 de-

87 2155 232 2208 poscit
272 2155 460 2203 exactio,
503 2155 797 2196 manifestum
840 2157 908 2195 est
944 2155 1074 2195 illum
1107 2156 1247 2196 fuisse
1280 2157 1560 2205 acerrimum,

85 2213 151 2253 ita
202 2215 254 2252 ut
305 2213 570 2266 plerumque
622 2213 883 2254 verberibus
935 2213 1122 2254 affectos
1175 2215 1378 2255 debitum
1431 2229 1561 2255 suum

85 2272 278 2311 rusticos
310 2271 564 2324 persolvere
597 2272 909 2325 compulisset;
953 2273 1072 2325 quod
1115 2273 1156 2313 ei
1189 2273 1393 2326 profecto
1425 2273 1561 2314 facile

85 2329 329 2370 indulserit
361 2331 407 2370 et
438 2344 518 2383 pro
551 2343 727 2370 summa
766 2331 1038 2371 necessitate
1070 2331 1236 2372 fuissess
1276 2332 1559 2374 concesserit.

27 2401 60 2426 35
86 2388 342 2441 quicunque
382 2389 517 2428 huius
559 2390 706 2429 terrae
745 2389 949 2429 homines
989 2390 1128 2431 norit.
1163 2403 1315 2430 eorum
1328 2387 1346 2412 ‘¹
1385 2391 1561 2430 durissi-

87 2461 204 2486 mam
251 2447 537 2487 infidelitatis
585 2449 631 2488 et
673 2448 899 2488 versutiae
944 2448 1122 2501 cogitur
1168 2449 1362 2489 tolerare
1410 2449 1560 2501 nequi-

84 2505 210 2545 tiam.
289 2505 336 2545 Si
383 2519 471 2558 qua
517 2519 622 2546 vero
671 2506 725 2546 de
767 2506 861 2546 eius
902 2507 1102 2547 moribus
1145 2507 1396 2552 referimus,
1447 2520 1560 2559 quae

86 2563 357 2615 quibusdam
388 2565 582 2605 fortasse
603 2565 846 2605 videantur
878 2565 925 2604 in
956 2566 1305 2618 reprehensione
1338 2566 1557 2618 ponenda,

85 2621 134 2660 in
166 2622 504 2675 sugillationem
537 2623 632 2663 eius
664 2623 781 2662 nihil
813 2636 893 2663 nos
925 2637 1107 2664 narrare
1151 2624 1439 2673 confidimus;
1483 2624 1560 2663 sed

27 2746 62 2770 40
86 2747 114 2775 a)
134 2750 328 2772 veruntamen
347 2748 381 2778 G,
402 2751 427 2772 et
446 2749 487 2772 im
506 2755 615 2780 semper
691 2748 721 2779 b)
740 2749 802 2773 sive
823 2756 888 2773 eum
908 2749 1040 2773 consulto
1060 2749 1084 2772 G
1174 2751 1200 2777 c)
1221 2751 1261 2773 im
1281 2750 1322 2777 G,·
1342 2750 1447 2774 fecisse
1468 2750 1563 2774 SXIE

87 2780 118 2815 d)
140 2782 180 2805 ita
200 2781 288 2811 GNL-
308 2789 465 2813 eorumque
485 2783 602 2815 (S?)E,·
621 2784 745 2814 fortasse
764 2784 932 2815 quicunque
952 2787 1015 2807 ante
1035 2791 1134 2808 corum
1153 2785 1349 2815 supplendum

89 2869 130 2918 1)
149 2874 278 2910 Horat.
304 2875 398 2918 ΕΜ).
425 2876 456 2918 Ι,
481 2878 538 2917 20,
563 2878 626 2912 25:
661 2876 773 2910 Irasci
799 2877 965 2919 celerem,
999 2879 1122 2911 tamen
1155 2881 1195 2910 ut
1219 2877 1404 2920 placabilis
1437 2889 1560 2914 esseni.

1593 1591 1595 1601 .
1610 1574 1666 1617 10)
