<?xml version="1.0" encoding="UTF-8"?>
<!DOCTYPE html PUBLIC "-//W3C//DTD XHTML 1.0 Transitional//EN"
    "http://www.w3.org/TR/xhtml1/DTD/xhtml1-transitional.dtd">
<html xmlns="http://www.w3.org/1999/xhtml" xml:lang="en" lang="en">
 <head>
  <title>
</title>
<meta http-equiv="Content-Type" content="text/html;charset=utf-8" />
  <meta name='ocr-system' content='tesseract 3.04.00' />
  <meta name='ocr-capabilities' content='ocr_page ocr_carea ocr_par ocr_line ocrx_word'/>
</head>
<body>
  <div class='ocr_page' id='page_1' title='image "./vitabennonisiiep00norbuoft_0015.png"; bbox 0 0 1793 3080; ppageno 0'>
   <div class='ocr_carea' id='block_1_1' title="bbox 101 815 1578 974">
    <p class='ocr_par' dir='ltr' id='par_1_1' title="bbox 101 815 1578 974">
     <span class='ocr_line' id='line_1_1' title="bbox 190 815 1490 859; baseline 0.003 -4"><span class='ocrx_word' id='word_1_1' title='bbox 190 815 427 856; x_wconf 80' lang='lat' dir='ltr'>INCIPIT</span> <span class='ocrx_word' id='word_1_2' title='bbox 460 815 808 857; x_wconf 82' lang='lat' dir='ltr'>PRAEFATIO</span> <span class='ocrx_word' id='word_1_3' title='bbox 843 816 909 856; x_wconf 87' lang='lat' dir='ltr'>IN</span> <span class='ocrx_word' id='word_1_4' title='bbox 943 816 1141 856; x_wconf 75' lang='lat' dir='ltr'>VITAM</span> <span class='ocrx_word' id='word_1_5' title='bbox 1174 817 1490 859; x_wconf 76' lang='lat' dir='ltr'>BENNONIS</span> 
     </span>
     <span class='ocr_line' id='line_1_2' title="bbox 101 873 1578 974; baseline 0.001 -59"><span class='ocrx_word' id='word_1_6' title='bbox 101 873 382 915; x_wconf 77' lang='lat' dir='ltr'>EPISCOPI</span> <span class='ocrx_word' id='word_1_7' title='bbox 401 873 1339 974; x_wconf 42' lang='lat' dir='ltr'>OSNABRflgffllggITSfiquNDATORIS</span> <span class='ocrx_word' id='word_1_8' title='bbox 1357 876 1578 918; x_wconf 80' lang='lat' dir='ltr'><strong>NOSTRI</strong></span> 
     </span>
    </p>
   </div>
   <div class='ocr_carea' id='block_1_2' title="bbox 45 1014 1579 2822">
    <p class='ocr_par' dir='ltr' id='par_1_2' title="bbox 241 1014 1579 1068">
     <span class='ocr_line' id='line_1_3' title="bbox 241 1014 1579 1068; baseline 0.002 -14"><span class='ocrx_word' id='word_1_9' title='bbox 241 1014 494 1055; x_wconf 87' lang='lat' dir='ltr'>Multorum</span> <span class='ocrx_word' id='word_1_10' title='bbox 528 1028 660 1068; x_wconf 80' lang='lat' dir='ltr'>saepe</span> <span class='ocrx_word' id='word_1_11' title='bbox 700 1014 980 1067; x_wconf 68' lang='lat' dir='ltr'>negligentia</span> <span class='ocrx_word' id='word_1_12' title='bbox 1015 1016 1230 1057; x_wconf 87' lang='lat' dir='ltr'>accidisse</span> <span class='ocrx_word' id='word_1_13' title='bbox 1267 1016 1483 1066; x_wconf 83' lang='lat' dir='ltr'>videmus,</span> <span class='ocrx_word' id='word_1_14' title='bbox 1528 1021 1579 1058; x_wconf 89' lang='lat' dir='ltr'>ut</span> 
     </span>
    </p>

    <p class='ocr_par' dir='ltr' id='par_1_3' title="bbox 45 1074 1579 2822">
     <span class='ocr_line' id='line_1_4' title="bbox 60 1074 1578 1127; baseline 0.001 -13"><span class='ocrx_word' id='word_1_15' title='bbox 60 1090 76 1114; x_wconf 83' lang='lat'>5</span> <span class='ocrx_word' id='word_1_16' title='bbox 100 1087 170 1114; x_wconf 86' lang='lat' dir='ltr'>res</span> <span class='ocrx_word' id='word_1_17' title='bbox 203 1087 282 1113; x_wconf 86' lang='lat' dir='ltr'>suo</span> <span class='ocrx_word' id='word_1_18' title='bbox 324 1075 528 1127; x_wconf 82' lang='lat' dir='ltr'>tempore</span> <span class='ocrx_word' id='word_1_19' title='bbox 560 1075 711 1126; x_wconf 86' lang='lat' dir='ltr'>gestas</span> <span class='ocrx_word' id='word_1_20' title='bbox 753 1076 798 1113; x_wconf 90' lang='lat' dir='ltr'>et</span> <span class='ocrx_word' id='word_1_21' title='bbox 834 1076 955 1114; x_wconf 83' lang='lat' dir='ltr'>certe</span> <span class='ocrx_word' id='word_1_22' title='bbox 990 1074 1205 1114; x_wconf 84' lang='lat' dir='ltr'>memoria</span> <span class='ocrx_word' id='word_1_23' title='bbox 1238 1075 1398 1127; x_wconf 74' lang='lat' dir='ltr'>dignas</span> <span class='ocrx_word' id='word_1_24' title='bbox 1430 1076 1495 1115; x_wconf 85' lang='lat' dir='ltr'>ita</span> <span class='ocrx_word' id='word_1_25' title='bbox 1527 1076 1578 1116; x_wconf 89' lang='lat' dir='ltr'>si-</span> 
     </span>
     <span class='ocr_line' id='line_1_5' title="bbox 101 1132 1578 1187; baseline 0.002 -15"><span class='ocrx_word' id='word_1_26' title='bbox 101 1132 243 1173; x_wconf 91' lang='lat' dir='ltr'>lentio</span> <span class='ocrx_word' id='word_1_27' title='bbox 276 1132 560 1185; x_wconf 63' lang='lat' dir='ltr'>praeteriisse</span> <span class='ocrx_word' id='word_1_28' title='bbox 601 1132 722 1185; x_wconf 87' lang='lat' dir='ltr'>passi</span> <span class='ocrx_word' id='word_1_29' title='bbox 762 1132 898 1175; x_wconf 64' lang='lat' dir='ltr'>sinta,</span> <span class='ocrx_word' id='word_1_30' title='bbox 942 1134 993 1171; x_wconf 89' lang='lat' dir='ltr'>ut</span> <span class='ocrx_word' id='word_1_31' title='bbox 1027 1145 1194 1181; x_wconf 84' lang='lat' dir='ltr'>eorum,</span> <span class='ocrx_word' id='word_1_32' title='bbox 1234 1134 1309 1186; x_wconf 86' lang='lat' dir='ltr'>qui</span> <span class='ocrx_word' id='word_1_33' title='bbox 1346 1147 1416 1174; x_wconf 89' lang='lat' dir='ltr'>res</span> <span class='ocrx_word' id='word_1_34' title='bbox 1458 1148 1578 1187; x_wconf 84' lang='lat' dir='ltr'>prae-</span> 
     </span>
     <span class='ocr_line' id='line_1_6' title="bbox 102 1185 1575 1243; baseline 0.001 -13"><span class='ocrx_word' id='word_1_35' title='bbox 102 1185 249 1231; x_wconf 73' lang='lat' dir='ltr'>olareb</span> <span class='ocrx_word' id='word_1_36' title='bbox 288 1193 538 1243; x_wconf 68' lang='lat' dir='ltr'>gesserunt,</span> <span class='ocrx_word' id='word_1_37' title='bbox 576 1190 705 1230; x_wconf 87' lang='lat' dir='ltr'>nulla</span> <span class='ocrx_word' id='word_1_38' title='bbox 738 1190 796 1229; x_wconf 88' lang='lat' dir='ltr'>sit</span> <span class='ocrx_word' id='word_1_39' title='bbox 829 1191 1020 1243; x_wconf 86' lang='lat' dir='ltr'>posteris</span> <span class='ocrx_word' id='word_1_40' title='bbox 1052 1192 1315 1231; x_wconf 83' lang='lat' dir='ltr'>transmissa</span> <span class='ocrx_word' id='word_1_41' title='bbox 1348 1193 1575 1233; x_wconf 86' lang='lat' dir='ltr'>memoria.</span> 
     </span>
     <span class='ocr_line' id='line_1_7' title="bbox 102 1248 1576 1302; baseline 0.002 -14"><span class='ocrx_word' id='word_1_42' title='bbox 102 1248 234 1299; x_wconf 79' lang='lat' dir='ltr'>Quod</span> <span class='ocrx_word' id='word_1_43' title='bbox 266 1262 360 1297; x_wconf 75' lang='lat' dir='ltr'>nos,</span> <span class='ocrx_word' id='word_1_44' title='bbox 396 1249 471 1301; x_wconf 74' lang='lat' dir='ltr'>qui</span> <span class='ocrx_word' id='word_1_45' title='bbox 505 1251 688 1289; x_wconf 85' lang='lat' dir='ltr'>auctore</span> <span class='ocrx_word' id='word_1_46' title='bbox 712 1248 809 1289; x_wconf 88' lang='lat' dir='ltr'>Deo</span> <span class='ocrx_word' id='word_1_47' title='bbox 842 1249 886 1288; x_wconf 91' lang='lat' dir='ltr'>in</span> <span class='ocrx_word' id='word_1_48' title='bbox 916 1249 1000 1289; x_wconf 89' lang='lat' dir='ltr'>hoc</span> <span class='ocrx_word' id='word_1_49' title='bbox 1031 1249 1273 1302; x_wconf 78' lang='lat' dir='ltr'>Iburgensi</span> <span class='ocrx_word' id='word_1_50' title='bbox 1305 1251 1576 1291; x_wconf 86' lang='lat' dir='ltr'>monasterio</span> 
     </span>
     <span class='ocr_line' id='line_1_8' title="bbox 103 1307 1576 1360; baseline 0.001 -13"><span class='ocrx_word' id='word_1_51' title='bbox 103 1307 283 1348; x_wconf 86' lang='lat' dir='ltr'>Christo</span> <span class='ocrx_word' id='word_1_52' title='bbox 327 1307 588 1351; x_wconf 73' lang='lat' dir='ltr'>militamus,</span> <span class='ocrx_word' id='word_1_53' title='bbox 632 1307 687 1347; x_wconf 90' lang='lat' dir='ltr'>de</span> <span class='ocrx_word' id='word_1_54' title='bbox 728 1307 977 1347; x_wconf 76' lang='lat' dir='ltr'>venerabili</span> <span class='ocrx_word' id='word_1_55' title='bbox 1020 1310 1211 1360; x_wconf 88' lang='lat' dir='ltr'>patrono</span> <span class='ocrx_word' id='word_1_56' title='bbox 1252 1311 1408 1349; x_wconf 89' lang='lat' dir='ltr'>nostro</span> <span class='ocrx_word' id='word_1_57' title='bbox 1442 1308 1576 1349; x_wconf 85' lang='lat' dir='ltr'>Osna-</span> 
     </span>
     <span class='ocr_line' id='line_1_9' title="bbox 45 1366 1576 1419; baseline 0.002 -14"><span class='ocrx_word' id='word_1_58' title='bbox 45 1382 76 1405; x_wconf 89' lang='lat'>10</span> <span class='ocrx_word' id='word_1_59' title='bbox 102 1366 315 1419; x_wconf 73' lang='lat' dir='ltr'>brugensi</span> <span class='ocrx_word' id='word_1_60' title='bbox 359 1366 567 1419; x_wconf 85' lang='lat' dir='ltr'>episcopo</span> <span class='ocrx_word' id='word_1_61' title='bbox 601 1366 818 1406; x_wconf 83' lang='lat' dir='ltr'>Bennone</span> <span class='ocrx_word' id='word_1_62' title='bbox 860 1367 1058 1406; x_wconf 88' lang='lat' dir='ltr'>secundo</span> <span class='ocrx_word' id='word_1_63' title='bbox 1100 1367 1282 1407; x_wconf 86' lang='lat' dir='ltr'>omnino</span> <span class='ocrx_word' id='word_1_64' title='bbox 1323 1367 1468 1408; x_wconf 77' lang='lat' dir='ltr'>vitare</span> <span class='ocrx_word' id='word_1_65' title='bbox 1507 1382 1576 1408; x_wconf 88' lang='lat' dir='ltr'>cu-</span> 
     </span>
     <span class='ocr_line' id='line_1_10' title="bbox 102 1424 1576 1478; baseline 0.001 -14"><span class='ocrx_word' id='word_1_66' title='bbox 102 1425 289 1478; x_wconf 82' lang='lat' dir='ltr'>pientes,</span> <span class='ocrx_word' id='word_1_67' title='bbox 323 1424 389 1464; x_wconf 86' lang='lat' dir='ltr'>ita</span> <span class='ocrx_word' id='word_1_68' title='bbox 422 1438 521 1464; x_wconf 84' lang='lat' dir='ltr'>eum</span> <span class='ocrx_word' id='word_1_69' title='bbox 557 1424 888 1465; x_wconf 85' lang='lat' dir='ltr'>successoribus</span> <span class='ocrx_word' id='word_1_70' title='bbox 920 1425 1099 1464; x_wconf 87' lang='lat' dir='ltr'>nostris.</span> <span class='ocrx_word' id='word_1_71' title='bbox 1143 1425 1221 1477; x_wconf 85' lang='lat' dir='ltr'>qui</span> <span class='ocrx_word' id='word_1_72' title='bbox 1262 1426 1414 1465; x_wconf 88' lang='lat' dir='ltr'>divino</span> <span class='ocrx_word' id='word_1_73' title='bbox 1457 1440 1576 1466; x_wconf 85' lang='lat' dir='ltr'>man-</span> 
     </span>
     <span class='ocr_line' id='line_1_11' title="bbox 103 1482 1576 1536; baseline 0.001 -14"><span class='ocrx_word' id='word_1_74' title='bbox 103 1483 243 1536; x_wconf 86' lang='lat' dir='ltr'>cipati</span> <span class='ocrx_word' id='word_1_75' title='bbox 284 1483 466 1523; x_wconf 75' lang='lat' dir='ltr'>servitio</span> <span class='ocrx_word' id='word_1_76' title='bbox 508 1483 628 1523; x_wconf 90' lang='lat' dir='ltr'>hunc</span> <span class='ocrx_word' id='word_1_77' title='bbox 670 1482 790 1523; x_wconf 83' lang='lat' dir='ltr'>forte</span> <span class='ocrx_word' id='word_1_78' title='bbox 831 1483 979 1523; x_wconf 87' lang='lat' dir='ltr'>locum</span> <span class='ocrx_word' id='word_1_79' title='bbox 1021 1485 1127 1523; x_wconf 88' lang='lat' dir='ltr'>sunt</span> <span class='ocrx_word' id='word_1_80' title='bbox 1168 1483 1433 1533; x_wconf 68' lang='lat' dir='ltr'>habitaturi,</span> <span class='ocrx_word' id='word_1_81' title='bbox 1474 1485 1576 1524; x_wconf 89' lang='lat' dir='ltr'>inti-</span> 
     </span>
     <span class='ocr_line' id='line_1_12' title="bbox 103 1541 1575 1596; baseline 0.001 -15"><span class='ocrx_word' id='word_1_82' title='bbox 103 1555 224 1581; x_wconf 77' lang='lat' dir='ltr'>mare</span> <span class='ocrx_word' id='word_1_83' title='bbox 247 1541 508 1593; x_wconf 70' lang='lat' dir='ltr'>satagimus,</span> <span class='ocrx_word' id='word_1_84' title='bbox 542 1543 593 1580; x_wconf 90' lang='lat' dir='ltr'>ut</span> <span class='ocrx_word' id='word_1_85' title='bbox 626 1542 680 1581; x_wconf 91' lang='lat' dir='ltr'>de</span> <span class='ocrx_word' id='word_1_86' title='bbox 703 1541 798 1581; x_wconf 81' lang='lat' dir='ltr'>vita</span> <span class='ocrx_word' id='word_1_87' title='bbox 820 1541 1019 1581; x_wconf 84' lang='lat' dir='ltr'>moribus</span> <span class='ocrx_word' id='word_1_88' title='bbox 1045 1542 1272 1594; x_wconf 74' lang='lat' dir='ltr'>gestisque</span> <span class='ocrx_word' id='word_1_89' title='bbox 1306 1543 1400 1583; x_wconf 86' lang='lat' dir='ltr'>eius</span> <span class='ocrx_word' id='word_1_90' title='bbox 1432 1556 1575 1596; x_wconf 83' lang='lat' dir='ltr'>pauca</span> 
     </span>
     <span class='ocr_line' id='line_1_13' title="bbox 103 1599 1575 1653; baseline 0.001 -13"><span class='ocrx_word' id='word_1_91' title='bbox 103 1600 461 1653; x_wconf 81' lang='lat' dir='ltr'>perstringentes</span> <span class='ocrx_word' id='word_1_92' title='bbox 500 1602 545 1640; x_wconf 88' lang='lat' dir='ltr'>et</span> <span class='ocrx_word' id='word_1_93' title='bbox 580 1599 869 1652; x_wconf 85' lang='lat' dir='ltr'>multiloquio</span> <span class='ocrx_word' id='word_1_94' title='bbox 907 1613 987 1652; x_wconf 89' lang='lat' dir='ltr'>pro</span> <span class='ocrx_word' id='word_1_95' title='bbox 1019 1600 1207 1653; x_wconf 87' lang='lat' dir='ltr'>penuria</span> <span class='ocrx_word' id='word_1_96' title='bbox 1245 1601 1460 1642; x_wconf 78' lang='lat' dir='ltr'>scientiae</span> <span class='ocrx_word' id='word_1_97' title='bbox 1492 1615 1575 1642; x_wconf 88' lang='lat' dir='ltr'>ser-</span> 
     </span>
     <span class='ocr_line' id='line_1_14' title="bbox 46 1658 1575 1711; baseline 0.001 -13"><span class='ocrx_word' id='word_1_98' title='bbox 46 1674 78 1698; x_wconf 82' lang='lat'>15</span> <span class='ocrx_word' id='word_1_99' title='bbox 106 1658 338 1711; x_wconf 85' lang='lat' dir='ltr'>monisque</span> <span class='ocrx_word' id='word_1_100' title='bbox 377 1658 556 1698; x_wconf 81' lang='lat' dir='ltr'>vilitate</span> <span class='ocrx_word' id='word_1_101' title='bbox 599 1661 836 1711; x_wconf 82' lang='lat' dir='ltr'>parcentes</span> <span class='ocrx_word' id='word_1_102' title='bbox 876 1658 923 1698; x_wconf 86' lang='lat' dir='ltr'>id</span> <span class='ocrx_word' id='word_1_103' title='bbox 966 1659 1158 1699; x_wconf 76' lang='lat' dir='ltr'>maxime</span> <span class='ocrx_word' id='word_1_104' title='bbox 1199 1659 1448 1700; x_wconf 85' lang='lat' dir='ltr'>intendisse</span> <span class='ocrx_word' id='word_1_105' title='bbox 1489 1673 1575 1700; x_wconf 84' lang='lat' dir='ltr'>cer-</span> 
     </span>
     <span class='ocr_line' id='line_1_15' title="bbox 104 1716 1578 1769; baseline 0.001 -13"><span class='ocrx_word' id='word_1_106' title='bbox 104 1730 277 1765; x_wconf 84' lang='lat' dir='ltr'>namur,</span> <span class='ocrx_word' id='word_1_107' title='bbox 312 1719 536 1769; x_wconf 83' lang='lat' dir='ltr'>quatenus</span> <span class='ocrx_word' id='word_1_108' title='bbox 557 1717 653 1769; x_wconf 89' lang='lat' dir='ltr'>ipse</span> <span class='ocrx_word' id='word_1_109' title='bbox 675 1716 894 1756; x_wconf 85' lang='lat' dir='ltr'>fundator</span> <span class='ocrx_word' id='word_1_110' title='bbox 916 1718 1070 1757; x_wconf 84' lang='lat' dir='ltr'>noster</span> <span class='ocrx_word' id='word_1_111' title='bbox 1092 1719 1137 1757; x_wconf 90' lang='lat' dir='ltr'>et</span> <span class='ocrx_word' id='word_1_112' title='bbox 1168 1720 1366 1758; x_wconf 82' lang='lat' dir='ltr'>structor</span> <span class='ocrx_word' id='word_1_113' title='bbox 1396 1720 1578 1758; x_wconf 84' lang='lat' dir='ltr'>tantum</span> 
     </span>
     <span class='ocr_line' id='line_1_16' title="bbox 105 1774 1578 1830; baseline 0.001 -15"><span class='ocrx_word' id='word_1_114' title='bbox 105 1775 282 1816; x_wconf 84' lang='lat' dir='ltr'>assidue</span> <span class='ocrx_word' id='word_1_115' title='bbox 323 1775 371 1814; x_wconf 88' lang='lat' dir='ltr'>in</span> <span class='ocrx_word' id='word_1_116' title='bbox 418 1774 517 1814; x_wconf 88' lang='lat' dir='ltr'>loco</span> <span class='ocrx_word' id='word_1_117' title='bbox 558 1775 643 1815; x_wconf 89' lang='lat' dir='ltr'>hoc</span> <span class='ocrx_word' id='word_1_118' title='bbox 690 1774 872 1815; x_wconf 84' lang='lat' dir='ltr'>iuvetur</span> <span class='ocrx_word' id='word_1_119' title='bbox 918 1776 1100 1823; x_wconf 89' lang='lat' dir='ltr'>orando,</span> <span class='ocrx_word' id='word_1_120' title='bbox 1150 1778 1202 1815; x_wconf 88' lang='lat' dir='ltr'>ut</span> <span class='ocrx_word' id='word_1_121' title='bbox 1243 1789 1288 1816; x_wconf 89' lang='lat' dir='ltr'>se</span> <span class='ocrx_word' id='word_1_122' title='bbox 1331 1777 1425 1830; x_wconf 87' lang='lat' dir='ltr'>spei</span> <span class='ocrx_word' id='word_1_123' title='bbox 1472 1790 1578 1818; x_wconf 84' lang='lat' dir='ltr'>suae</span> 
     </span>
     <span class='ocr_line' id='line_1_17' title="bbox 104 1833 1576 1888; baseline 0 -14"><span class='ocrx_word' id='word_1_124' title='bbox 104 1833 266 1874; x_wconf 83' lang='lat' dir='ltr'>solatio</span> <span class='ocrx_word' id='word_1_125' title='bbox 307 1833 474 1873; x_wconf 87' lang='lat' dir='ltr'>iniuste</span> <span class='ocrx_word' id='word_1_126' title='bbox 518 1833 707 1873; x_wconf 87' lang='lat' dir='ltr'>destitui</span> <span class='ocrx_word' id='word_1_127' title='bbox 740 1833 836 1873; x_wconf 91' lang='lat' dir='ltr'>Deo</span> <span class='ocrx_word' id='word_1_128' title='bbox 879 1834 1093 1886; x_wconf 78' lang='lat' dir='ltr'>conqueri</span> <span class='ocrx_word' id='word_1_129' title='bbox 1134 1833 1251 1874; x_wconf 89' lang='lat' dir='ltr'>iuste</span> <span class='ocrx_word' id='word_1_130' title='bbox 1293 1848 1382 1874; x_wconf 92' lang='lat' dir='ltr'>non</span> <span class='ocrx_word' id='word_1_131' title='bbox 1423 1835 1576 1888; x_wconf 86' lang='lat' dir='ltr'>possit.</span> 
     </span>
     <span class='ocr_line' id='line_1_18' title="bbox 103 1891 1579 1945; baseline 0.001 -13"><span class='ocrx_word' id='word_1_132' title='bbox 103 1891 168 1932; x_wconf 83' lang='lat' dir='ltr'>Ut</span> <span class='ocrx_word' id='word_1_133' title='bbox 208 1892 329 1932; x_wconf 89' lang='lat' dir='ltr'>enim</span> <span class='ocrx_word' id='word_1_134' title='bbox 372 1892 467 1945; x_wconf 85' lang='lat' dir='ltr'>ipse</span> <span class='ocrx_word' id='word_1_135' title='bbox 508 1891 742 1932; x_wconf 85' lang='lat' dir='ltr'>nobiscum</span> <span class='ocrx_word' id='word_1_136' title='bbox 787 1905 919 1944; x_wconf 83' lang='lat' dir='ltr'>saepe</span> <span class='ocrx_word' id='word_1_137' title='bbox 963 1892 1234 1932; x_wconf 79' lang='lat' dir='ltr'>familiarius</span> <span class='ocrx_word' id='word_1_138' title='bbox 1278 1892 1465 1945; x_wconf 86' lang='lat' dir='ltr'>loquens</span> <span class='ocrx_word' id='word_1_139' title='bbox 1507 1894 1579 1934; x_wconf 84' lang='lat' dir='ltr'>ad-</span> 
     </span>
     <span class='ocr_line' id='line_1_19' title="bbox 45 1950 1578 1995; baseline 0.001 -4"><span class='ocrx_word' id='word_1_140' title='bbox 45 1966 79 1990; x_wconf 83' lang='lat'>20</span> <span class='ocrx_word' id='word_1_141' title='bbox 103 1951 247 1991; x_wconf 83' lang='lat' dir='ltr'>icere⁰</span> <span class='ocrx_word' id='word_1_142' title='bbox 275 1950 467 1991; x_wconf 87' lang='lat' dir='ltr'>iocando</span> <span class='ocrx_word' id='word_1_143' title='bbox 490 1950 678 1995; x_wconf 84' lang='lat' dir='ltr'>solebat,</span> <span class='ocrx_word' id='word_1_144' title='bbox 707 1950 830 1990; x_wconf 88' lang='lat' dir='ltr'>omni</span> <span class='ocrx_word' id='word_1_145' title='bbox 853 1950 924 1990; x_wconf 89' lang='lat' dir='ltr'>die</span> <span class='ocrx_word' id='word_1_146' title='bbox 952 1951 1006 1990; x_wconf 90' lang='lat' dir='ltr'>de</span> <span class='ocrx_word' id='word_1_147' title='bbox 1034 1954 1214 1991; x_wconf 85' lang='lat' dir='ltr'>nostrae</span> <span class='ocrx_word' id='word_1_148' title='bbox 1242 1952 1473 1992; x_wconf 80' lang='lat' dir='ltr'>servitutis</span> <span class='ocrx_word' id='word_1_149' title='bbox 1501 1952 1578 1992; x_wconf 87' lang='lat' dir='ltr'>im-</span> 
     </span>
     <span class='ocr_line' id='line_1_20' title="bbox 103 2008 1575 2063; baseline 0.001 -14"><span class='ocrx_word' id='word_1_150' title='bbox 103 2022 243 2063; x_wconf 83' lang='lat' dir='ltr'>pensa</span> <span class='ocrx_word' id='word_1_151' title='bbox 273 2009 370 2049; x_wconf 81' lang='lat' dir='ltr'>vita</span> <span class='ocrx_word' id='word_1_152' title='bbox 402 2008 646 2049; x_wconf 75' lang='lat' dir='ltr'>defunctus</span> <span class='ocrx_word' id='word_1_153' title='bbox 688 2008 930 2062; x_wconf 84' lang='lat' dir='ltr'>prandium</span> <span class='ocrx_word' id='word_1_154' title='bbox 972 2008 1058 2049; x_wconf 88' lang='lat' dir='ltr'>sibi</span> <span class='ocrx_word' id='word_1_155' title='bbox 1100 2011 1336 2062; x_wconf 77' lang='lat' dir='ltr'>expectare</span> <span class='ocrx_word' id='word_1_156' title='bbox 1379 2010 1575 2059; x_wconf 83' lang='lat' dir='ltr'>debebit,</span> 
     </span>
     <span class='ocr_line' id='line_1_21' title="bbox 104 2063 1578 2122; baseline 0.001 -14"><span class='ocrx_word' id='word_1_157' title='bbox 104 2067 308 2108; x_wconf 86' lang='lat' dir='ltr'>oratione</span> <span class='ocrx_word' id='word_1_158' title='bbox 340 2063 583 2108; x_wconf 61' lang='lat' dir='ltr'>videlicetd</span> <span class='ocrx_word' id='word_1_159' title='bbox 620 2067 815 2107; x_wconf 85' lang='lat' dir='ltr'>animam</span> <span class='ocrx_word' id='word_1_160' title='bbox 850 2067 994 2120; x_wconf 88' lang='lat' dir='ltr'>pasci;</span> <span class='ocrx_word' id='word_1_161' title='bbox 1039 2069 1084 2107; x_wconf 91' lang='lat' dir='ltr'>et</span> <span class='ocrx_word' id='word_1_162' title='bbox 1117 2068 1238 2120; x_wconf 87' lang='lat' dir='ltr'>quod</span> <span class='ocrx_word' id='word_1_163' title='bbox 1269 2068 1377 2121; x_wconf 78' lang='lat' dir='ltr'>ipse,</span> <span class='ocrx_word' id='word_1_164' title='bbox 1418 2071 1578 2122; x_wconf 80' lang='lat' dir='ltr'>utpote</span> 
     </span>
     <span class='ocr_line' id='line_1_22' title="bbox 103 2125 1578 2180; baseline 0.001 -15"><span class='ocrx_word' id='word_1_165' title='bbox 103 2125 352 2165; x_wconf 85' lang='lat' dir='ltr'>innumeris</span> <span class='ocrx_word' id='word_1_166' title='bbox 384 2125 656 2165; x_wconf 78' lang='lat' dir='ltr'>secularium</span> <span class='ocrx_word' id='word_1_167' title='bbox 687 2125 983 2173; x_wconf 70' lang='lat' dir='ltr'>tumultuum,</span> <span class='ocrx_word' id='word_1_168' title='bbox 1027 2139 1138 2177; x_wconf 88' lang='lat' dir='ltr'>quos</span> <span class='ocrx_word' id='word_1_169' title='bbox 1178 2126 1264 2166; x_wconf 87' lang='lat' dir='ltr'>hoo</span> <span class='ocrx_word' id='word_1_170' title='bbox 1296 2127 1343 2165; x_wconf 90' lang='lat' dir='ltr'>in</span> <span class='ocrx_word' id='word_1_171' title='bbox 1375 2130 1578 2180; x_wconf 85' lang='lat' dir='ltr'>tempore</span> 
     </span>
     <span class='ocr_line' id='line_1_23' title="bbox 105 2183 1577 2238; baseline 0.001 -14"><span class='ocrx_word' id='word_1_172' title='bbox 105 2183 375 2224; x_wconf 77' lang='lat' dir='ltr'>debacharie</span> <span class='ocrx_word' id='word_1_173' title='bbox 413 2183 630 2231; x_wconf 88' lang='lat' dir='ltr'>videmus,</span> <span class='ocrx_word' id='word_1_174' title='bbox 674 2183 870 2236; x_wconf 80' lang='lat' dir='ltr'>negotiis</span> <span class='ocrx_word' id='word_1_175' title='bbox 902 2183 1205 2236; x_wconf 86' lang='lat' dir='ltr'>praepeditus,</span> <span class='ocrx_word' id='word_1_176' title='bbox 1245 2184 1289 2223; x_wconf 89' lang='lat' dir='ltr'>in</span> <span class='ocrx_word' id='word_1_177' title='bbox 1325 2184 1411 2225; x_wconf 88' lang='lat' dir='ltr'>Dei</span> <span class='ocrx_word' id='word_1_178' title='bbox 1443 2199 1577 2238; x_wconf 90' lang='lat' dir='ltr'>opere</span> 
     </span>
     <span class='ocr_line' id='line_1_24' title="bbox 45 2241 1577 2297; baseline 0.002 -15"><span class='ocrx_word' id='word_1_179' title='bbox 45 2258 79 2282; x_wconf 84' lang='lat'>25</span> <span class='ocrx_word' id='word_1_180' title='bbox 104 2242 253 2282; x_wconf 88' lang='lat' dir='ltr'>minus</span> <span class='ocrx_word' id='word_1_181' title='bbox 290 2241 510 2294; x_wconf 81' lang='lat' dir='ltr'>implevit,</span> <span class='ocrx_word' id='word_1_182' title='bbox 559 2243 708 2281; x_wconf 86' lang='lat' dir='ltr'>totum</span> <span class='ocrx_word' id='word_1_183' title='bbox 748 2241 795 2281; x_wconf 90' lang='lat' dir='ltr'>id</span> <span class='ocrx_word' id='word_1_184' title='bbox 835 2241 920 2282; x_wconf 88' lang='lat' dir='ltr'>sibi</span> <span class='ocrx_word' id='word_1_185' title='bbox 953 2241 1051 2282; x_wconf 89' lang='lat' dir='ltr'>Deo</span> <span class='ocrx_word' id='word_1_186' title='bbox 1093 2241 1167 2282; x_wconf 87' lang='lat' dir='ltr'>hic</span> <span class='ocrx_word' id='word_1_187' title='bbox 1208 2255 1288 2294; x_wconf 88' lang='lat' dir='ltr'>per</span> <span class='ocrx_word' id='word_1_188' title='bbox 1320 2255 1365 2282; x_wconf 90' lang='lat' dir='ltr'>se</span> <span class='ocrx_word' id='word_1_189' title='bbox 1398 2256 1577 2297; x_wconf 87' lang='lat' dir='ltr'>congre-</span> 
     </span>
     <span class='ocr_line' id='line_1_25' title="bbox 103 2299 1576 2354; baseline 0.001 -14"><span class='ocrx_word' id='word_1_190' title='bbox 103 2302 234 2354; x_wconf 83' lang='lat' dir='ltr'>gatos</span> <span class='ocrx_word' id='word_1_191' title='bbox 264 2300 510 2340; x_wconf 87' lang='lat' dir='ltr'>iustissime</span> <span class='ocrx_word' id='word_1_192' title='bbox 541 2313 882 2353; x_wconf 83' lang='lat' dir='ltr'>recompensare</span> <span class='ocrx_word' id='word_1_193' title='bbox 924 2299 1148 2353; x_wconf 84' lang='lat' dir='ltr'>sperabat.</span> <span class='ocrx_word' id='word_1_194' title='bbox 1211 2299 1425 2350; x_wconf 82' lang='lat' dir='ltr'>Quamvis</span> <span class='ocrx_word' id='word_1_195' title='bbox 1458 2302 1576 2343; x_wconf 90' lang='lat' dir='ltr'>enim</span> 
     </span>
     <span class='ocr_line' id='line_1_26' title="bbox 104 2358 1576 2414; baseline 0.001 -15"><span class='ocrx_word' id='word_1_196' title='bbox 104 2372 227 2399; x_wconf 89' lang='lat' dir='ltr'>more</span> <span class='ocrx_word' id='word_1_197' title='bbox 269 2371 436 2407; x_wconf 81' lang='lat' dir='ltr'>eorum,</span> <span class='ocrx_word' id='word_1_198' title='bbox 479 2358 556 2411; x_wconf 84' lang='lat' dir='ltr'>qui</span> <span class='ocrx_word' id='word_1_199' title='bbox 597 2371 763 2412; x_wconf 80' lang='lat' dir='ltr'>agones</span> <span class='ocrx_word' id='word_1_200' title='bbox 804 2360 1053 2412; x_wconf 65' lang='lat' dir='ltr'>martyrum</span> <span class='ocrx_word' id='word_1_201' title='bbox 1094 2371 1172 2398; x_wconf 89' lang='lat' dir='ltr'>seu</span> <span class='ocrx_word' id='word_1_202' title='bbox 1203 2359 1320 2399; x_wconf 81' lang='lat' dir='ltr'>vitas</span> <span class='ocrx_word' id='word_1_203' title='bbox 1361 2360 1576 2414; x_wconf 86' lang='lat' dir='ltr'>scripsere</span> 
     </span>
     <span class='ocr_line' id='line_1_27' title="bbox 104 2416 1576 2472; baseline 0.001 -14"><span class='ocrx_word' id='word_1_204' title='bbox 104 2419 376 2463; x_wconf 79' lang='lat' dir='ltr'>sanctorum,</span> <span class='ocrx_word' id='word_1_205' title='bbox 419 2416 741 2457; x_wconf 87' lang='lat' dir='ltr'>miraculorum</span> <span class='ocrx_word' id='word_1_206' title='bbox 782 2417 912 2469; x_wconf 82' lang='lat' dir='ltr'>signa</span> <span class='ocrx_word' id='word_1_207' title='bbox 952 2418 997 2457; x_wconf 88' lang='lat' dir='ltr'>et</span> <span class='ocrx_word' id='word_1_208' title='bbox 1037 2416 1261 2457; x_wconf 82' lang='lat' dir='ltr'>virtutum</span> <span class='ocrx_word' id='word_1_209' title='bbox 1292 2418 1489 2472; x_wconf 84' lang='lat' dir='ltr'>insignia</span> <span class='ocrx_word' id='word_1_210' title='bbox 1522 2420 1576 2460; x_wconf 89' lang='lat' dir='ltr'>de</span> 
     </span>
     <span class='ocr_line' id='line_1_28' title="bbox 105 2475 1576 2529; baseline 0.001 -13"><span class='ocrx_word' id='word_1_211' title='bbox 105 2487 156 2516; x_wconf 90' lang='lat' dir='ltr'>eo</span> <span class='ocrx_word' id='word_1_212' title='bbox 203 2475 370 2516; x_wconf 83' lang='lat' dir='ltr'>referre</span> <span class='ocrx_word' id='word_1_213' title='bbox 411 2489 502 2515; x_wconf 88' lang='lat' dir='ltr'>non</span> <span class='ocrx_word' id='word_1_214' title='bbox 543 2475 776 2529; x_wconf 81' lang='lat' dir='ltr'>possimus,</span> <span class='ocrx_word' id='word_1_215' title='bbox 825 2475 1040 2528; x_wconf 82' lang='lat' dir='ltr'>pleraque</span> <span class='ocrx_word' id='word_1_216' title='bbox 1080 2478 1234 2516; x_wconf 84' lang='lat' dir='ltr'>tamen</span> <span class='ocrx_word' id='word_1_217' title='bbox 1276 2476 1390 2517; x_wconf 90' lang='lat' dir='ltr'>bene</span> <span class='ocrx_word' id='word_1_218' title='bbox 1427 2477 1576 2518; x_wconf 79' lang='lat' dir='ltr'>vivere</span> 
     </span>
     <span class='ocr_line' id='line_1_29' title="bbox 46 2533 1576 2587; baseline 0.001 -13"><span class='ocrx_word' id='word_1_219' title='bbox 46 2549 80 2574; x_wconf 81' lang='lat'>30</span> <span class='ocrx_word' id='word_1_220' title='bbox 104 2534 395 2574; x_wconf 84' lang='lat' dir='ltr'>studentibus</span> <span class='ocrx_word' id='word_1_221' title='bbox 435 2534 659 2574; x_wconf 84' lang='lat' dir='ltr'>imitanda</span> <span class='ocrx_word' id='word_1_222' title='bbox 699 2534 794 2574; x_wconf 87' lang='lat' dir='ltr'>eius</span> <span class='ocrx_word' id='word_1_223' title='bbox 834 2534 959 2574; x_wconf 81' lang='lat' dir='ltr'>facta</span> <span class='ocrx_word' id='word_1_224' title='bbox 991 2533 1204 2583; x_wconf 80' lang='lat' dir='ltr'>dicemus,</span> <span class='ocrx_word' id='word_1_225' title='bbox 1247 2548 1361 2587; x_wconf 86' lang='lat' dir='ltr'>quae</span> <span class='ocrx_word' id='word_1_226' title='bbox 1399 2549 1480 2576; x_wconf 91' lang='lat' dir='ltr'>suo</span> <span class='ocrx_word' id='word_1_227' title='bbox 1513 2549 1576 2576; x_wconf 93' lang='lat' dir='ltr'>or-</span> 
     </span>
     <span class='ocr_line' id='line_1_30' title="bbox 105 2592 1574 2647; baseline 0.003 -16"><span class='ocrx_word' id='word_1_228' title='bbox 105 2592 210 2632; x_wconf 89' lang='lat' dir='ltr'>dine</span> <span class='ocrx_word' id='word_1_229' title='bbox 243 2594 289 2632; x_wconf 89' lang='lat' dir='ltr'>et</span> <span class='ocrx_word' id='word_1_230' title='bbox 320 2592 432 2640; x_wconf 80' lang='lat'>1000,</span> <span class='ocrx_word' id='word_1_231' title='bbox 475 2596 610 2645; x_wconf 88' lang='lat' dir='ltr'>prout</span> <span class='ocrx_word' id='word_1_232' title='bbox 642 2592 884 2633; x_wconf 81' lang='lat' dir='ltr'>memoriae</span> <span class='ocrx_word' id='word_1_233' title='bbox 917 2592 1210 2641; x_wconf 86' lang='lat' dir='ltr'>occurrerint,</span> <span class='ocrx_word' id='word_1_234' title='bbox 1253 2593 1431 2647; x_wconf 87' lang='lat' dir='ltr'>plenius</span> <span class='ocrx_word' id='word_1_235' title='bbox 1463 2595 1574 2635; x_wconf 88' lang='lat' dir='ltr'>inse-</span> 
     </span>
     <span class='ocr_line' id='line_1_31' title="bbox 104 2650 1572 2704; baseline 0.001 -14"><span class='ocrx_word' id='word_1_236' title='bbox 104 2650 245 2690; x_wconf 83' lang='lat' dir='ltr'>renda</span> <span class='ocrx_word' id='word_1_237' title='bbox 275 2653 514 2703; x_wconf 82' lang='lat' dir='ltr'>ponentur.</span> <span class='ocrx_word' id='word_1_238' title='bbox 563 2651 663 2699; x_wconf 80' lang='lat' dir='ltr'>Sed,</span> <span class='ocrx_word' id='word_1_239' title='bbox 697 2653 750 2690; x_wconf 89' lang='lat' dir='ltr'>ut</span> <span class='ocrx_word' id='word_1_240' title='bbox 781 2651 871 2690; x_wconf 87' lang='lat' dir='ltr'>iam</span> <span class='ocrx_word' id='word_1_241' title='bbox 903 2664 983 2691; x_wconf 91' lang='lat' dir='ltr'>nos</span> <span class='ocrx_word' id='word_1_242' title='bbox 1016 2651 1299 2704; x_wconf 82' lang='lat' dir='ltr'>praemisisse</span> <span class='ocrx_word' id='word_1_243' title='bbox 1321 2652 1572 2692; x_wconf 85' lang='lat' dir='ltr'>recolimus.</span> 
     </span>
     <span class='ocr_line' id='line_1_32' title="bbox 104 2709 1576 2762; baseline 0.003 -15"><span class='ocrx_word' id='word_1_244' title='bbox 104 2721 195 2748; x_wconf 90' lang='lat' dir='ltr'>non</span> <span class='ocrx_word' id='word_1_245' title='bbox 228 2721 279 2748; x_wconf 91' lang='lat' dir='ltr'>eo</span> <span class='ocrx_word' id='word_1_246' title='bbox 312 2709 447 2749; x_wconf 82' lang='lat' dir='ltr'>huius</span> <span class='ocrx_word' id='word_1_247' title='bbox 479 2709 687 2762; x_wconf 85' lang='lat' dir='ltr'>opusculi</span> <span class='ocrx_word' id='word_1_248' title='bbox 719 2711 896 2762; x_wconf 87' lang='lat' dir='ltr'>spectat</span> <span class='ocrx_word' id='word_1_249' title='bbox 926 2709 1136 2757; x_wconf 87' lang='lat' dir='ltr'>intentio,</span> <span class='ocrx_word' id='word_1_250' title='bbox 1169 2711 1222 2749; x_wconf 92' lang='lat' dir='ltr'>ut</span> <span class='ocrx_word' id='word_1_251' title='bbox 1253 2710 1347 2750; x_wconf 76' lang='lat' dir='ltr'>vita</span> <span class='ocrx_word' id='word_1_252' title='bbox 1379 2711 1474 2751; x_wconf 92' lang='lat' dir='ltr'>eius</span> <span class='ocrx_word' id='word_1_253' title='bbox 1508 2725 1576 2751; x_wconf 80' lang='lat' dir='ltr'>ex-</span> 
     </span>
     <span class='ocr_line' id='line_1_33' title="bbox 103 2766 1574 2822; baseline 0.003 -17"><span class='ocrx_word' id='word_1_254' title='bbox 103 2766 214 2807; x_wconf 87' lang='lat' dir='ltr'>teris</span> <span class='ocrx_word' id='word_1_255' title='bbox 254 2767 467 2818; x_wconf 83' lang='lat' dir='ltr'>gentibus</span> <span class='ocrx_word' id='word_1_256' title='bbox 503 2770 684 2808; x_wconf 85' lang='lat' dir='ltr'>nostrae</span> <span class='ocrx_word' id='word_1_257' title='bbox 718 2768 990 2808; x_wconf 85' lang='lat' dir='ltr'>narrationis</span> <span class='ocrx_word' id='word_1_258' title='bbox 1024 2768 1199 2808; x_wconf 84' lang='lat' dir='ltr'>ambitu</span> <span class='ocrx_word' id='word_1_259' title='bbox 1233 2769 1458 2822; x_wconf 84' lang='lat' dir='ltr'>descripta</span> <span class='ocrx_word' id='word_1_260' title='bbox 1491 2769 1574 2809; x_wconf 88' lang='lat' dir='ltr'>cla-</span> 
     </span>
    </p>
   </div>
   <div class='ocr_carea' id='block_1_3' title="bbox 44 2868 1575 2946">
    <p class='ocr_par' dir='ltr' id='par_1_4' title="bbox 44 2868 1575 2946">
     <span class='ocr_line' id='line_1_34' title="bbox 44 2868 1575 2913; baseline 0.003 -11"><span class='ocrx_word' id='word_1_261' title='bbox 44 2881 78 2907; x_wconf 78' lang='lat'>35</span> <span class='ocrx_word' id='word_1_262' title='bbox 101 2868 131 2909; x_wconf 73' lang='lat' dir='ltr'>a)</span> <span class='ocrx_word' id='word_1_263' title='bbox 150 2879 191 2903; x_wconf 77' lang='lat' dir='ltr'>ita</span> <span class='ocrx_word' id='word_1_264' title='bbox 211 2879 319 2908; x_wconf 83' lang='lat' dir='ltr'>SNIE,·</span> <span class='ocrx_word' id='word_1_265' title='bbox 344 2882 411 2903; x_wconf 84' lang='lat' dir='ltr'>sunt</span> <span class='ocrx_word' id='word_1_266' title='bbox 429 2879 453 2902; x_wconf 84' lang='lat' dir='ltr'><em>G</em></span> <span class='ocrx_word' id='word_1_267' title='bbox 542 2881 572 2911; x_wconf 87' lang='lat' dir='ltr'>b)</span> <span class='ocrx_word' id='word_1_268' title='bbox 592 2881 633 2905; x_wconf 71' lang='lat' dir='ltr'>ita</span> <span class='ocrx_word' id='word_1_269' title='bbox 652 2881 694 2910; x_wconf 77' lang='lat' dir='ltr'>G,·</span> <span class='ocrx_word' id='word_1_270' title='bbox 717 2881 883 2912; x_wconf 73' lang='lat' dir='ltr'>praeclaras</span> <span class='ocrx_word' id='word_1_271' title='bbox 904 2881 998 2905; x_wconf 73' lang='lat' dir='ltr'><em>SNIE</em></span> <span class='ocrx_word' id='word_1_272' title='bbox 1083 2883 1108 2912; x_wconf 85' lang='lat' dir='ltr'>c)</span> <span class='ocrx_word' id='word_1_273' title='bbox 1127 2880 1256 2906; x_wconf 83' lang='lat' dir='ltr'>adiicere</span> <span class='ocrx_word' id='word_1_274' title='bbox 1277 2889 1380 2913; x_wconf 77' lang='lat' dir='ltr'>omnes,</span> <span class='ocrx_word' id='word_1_275' title='bbox 1401 2885 1424 2906; x_wconf 74' lang='lat' dir='ltr'>e!</span> <span class='ocrx_word' id='word_1_276' title='bbox 1443 2883 1575 2907; x_wconf 72' lang='lat' dir='ltr'>similiter</span> 
     </span>
     <span class='ocr_line' id='line_1_35' title="bbox 101 2912 1053 2946; baseline 0.004 -8"><span class='ocrx_word' id='word_1_277' title='bbox 101 2915 215 2945; x_wconf 77' lang='lat' dir='ltr'>saepius</span> <span class='ocrx_word' id='word_1_278' title='bbox 296 2912 327 2945; x_wconf 86' lang='lat' dir='ltr'>d)</span> <span class='ocrx_word' id='word_1_279' title='bbox 347 2914 496 2939; x_wconf 75' lang='lat' dir='ltr'>insinuans</span> <span class='ocrx_word' id='word_1_280' title='bbox 516 2915 582 2941; x_wconf 77' lang='lat' dir='ltr'>add.</span> <span class='ocrx_word' id='word_1_281' title='bbox 602 2916 697 2940; x_wconf 84' lang='lat' dir='ltr'>SNIE</span> <span class='ocrx_word' id='word_1_282' title='bbox 776 2918 802 2946; x_wconf 88' lang='lat' dir='ltr'>e)</span> <span class='ocrx_word' id='word_1_283' title='bbox 822 2915 999 2941; x_wconf 73' lang='lat' dir='ltr'>debacchari</span> <span class='ocrx_word' id='word_1_284' title='bbox 1019 2916 1053 2942; x_wconf 84' lang='lat' dir='ltr'>G.</span> 
     </span>
    </p>
   </div>
   <div class='ocr_carea' id='block_1_4' title="bbox 172 2977 1292 3009">
    <p class='ocr_par' dir='ltr' id='par_1_5' title="bbox 172 2977 1292 3009">
     <span class='ocr_line' id='line_1_36' title="bbox 172 2977 1292 3009; baseline 0.004 -1"><span class='ocrx_word' id='word_1_285' title='bbox 172 2984 241 3009; x_wconf 81' lang='lat' dir='ltr'>Vita</span> <span class='ocrx_word' id='word_1_286' title='bbox 260 2984 340 3008; x_wconf 84' lang='lat' dir='ltr'>Benn</span> <span class='ocrx_word' id='word_1_287' title='bbox 346 2984 417 3009; x_wconf 63' lang='lat' dir='ltr'>onis.</span> <span class='ocrx_word' id='word_1_288' title='bbox 1275 2977 1292 3009; x_wconf 83' lang='lat'>1</span> 
     </span>
    </p>
   </div>
  </div>
 </body>
</html>
