1834 3055
136 236 182 270 24
278 234 403 268 VITA
430 232 683 268 BENNONIS
709 233 761 271 II.
787 233 1014 269 EPISCOPI
1041 235 1469 274 OSNABRUGENSIS.

137 368 296 407 scopus
331 355 499 402 Benno,
533 354 736 407 quamvis
768 355 949 402 invitus,
984 355 1062 395 sed
1091 368 1142 396 eo
1164 358 1319 397 tamen
1342 359 1610 410 prudentiae

137 413 280 460 oculo,
314 426 447 465 quem
479 426 630 453 secum
652 426 828 466 semper
849 416 1029 466 portare
1053 413 1240 454 solebat.
1295 415 1466 456 Videns
1489 418 1609 458 enim

136 472 181 511 in
214 473 405 524 utraque
438 473 566 524 parte
599 471 795 524 plurima
827 472 969 525 magis
1001 472 1104 512 odio
1137 486 1271 525 quam
1292 474 1468 515 ratione
1497 476 1609 516 trac-

135 529 223 569 tari
271 531 316 570 et
366 529 463 582 regi
515 542 691 582 semper
750 529 916 577 fidelis,
978 544 1210 583 nunquam
1263 534 1415 573 autem
1466 547 1608 587 papae

135 587 399 628 inobediens
423 601 517 628 esse
544 588 816 634 desiderans,
851 589 929 629 sed
962 590 1019 635 et,
1053 603 1186 642 quem
1217 592 1349 631 tanta
1379 604 1449 632 res
1473 592 1607 632 finem

141 646 354 686 habitura
382 648 511 695 esset,
544 647 770 699 ignorans,
806 647 1152 699 diligentissime
1183 648 1421 690 intendere
1445 650 1605 703 coepit,

135 718 330 757 quonam
370 704 560 744 rationis
601 705 726 745 exitu
766 705 862 745 fieri
905 707 1068 758 posset,
1110 709 1162 746 ut
1200 707 1323 747 salva
1356 708 1607 748 honestatis

135 763 352 816 pristinae
384 763 652 815 integritate
683 765 846 803 neutra
877 765 922 802 in
956 766 1083 816 parte
1116 767 1267 817 posset
1298 765 1395 806 iure
1418 766 1606 819 culpari.

135 821 269 861 Forte
292 823 445 861 autem
467 821 514 861 in
538 821 739 870 ecclesia,
774 821 853 862 ubi
873 822 963 862 ista
985 822 1271 875 gerebantur,
1296 826 1393 864 erat
1416 824 1604 874 alta-rea,

133 880 252 932 quod
296 881 416 920 retro
464 893 711 920 concavum
756 880 974 930 foramen,
1028 894 1116 934 quo
1168 882 1267 934 quis
1317 882 1486 923 intrare
1533 883 1606 923 vix

133 940 296 991 posset,
331 951 482 990 panno
514 938 851 992 praependente
884 939 1133 988 obtexerat,
1160 961 1212 966 —-
1237 941 1294 980 ad
1317 940 1443 980 cuius
1467 941 1602 981 etiam

133 996 477 1036 similitudinem
519 997 603 1037 1100
644 999 849 1037 nostrum
892 997 1035 1038 altare
1068 1000 1224 1051 postea
1255 999 1351 1051 ipse
1384 1000 1511 1051 quasi
1542 1000 1604 1039 in-

132 1054 335 1095 sensibili
367 1055 582 1096 materiae
615 1055 784 1108 gratias
813 1055 1006 1096 reddens
1027 1056 1159 1096 iussit
1182 1056 1358 1097 extrui1
1390 1080 1445 1083 —
1477 1058 1604 1098 iuxta

133 1113 252 1165 quod
286 1127 387 1153 cum
430 1113 564 1153 solito
596 1127 719 1154 more
752 1114 1029 1166 psalmodiae
1062 1128 1225 1155 vacans
1259 1115 1379 1155 solus
1412 1116 1601 1165 sederet,

133 1171 317 1224 propius
367 1172 584 1212 accedens
632 1172 914 1224 aptissimum
957 1172 1151 1213 latibulo
1192 1173 1341 1214 locum
1384 1187 1478 1215 esse
1511 1188 1602 1228 per-

131 1229 302 1282 pendit,
346 1231 391 1270 et
433 1230 469 1269 si
500 1230 621 1270 intro
658 1230 723 1271 ire
764 1230 948 1279 valeret,
992 1231 1214 1284 paulatim
1255 1232 1383 1273 nullo
1420 1232 1601 1274 vidente

128 1288 338 1328 tentavit.
388 1287 448 1328 Os
470 1288 623 1341 itaque
645 1289 881 1329 foraminis
905 1290 1107 1342 quamvis
1140 1290 1329 1331 difficile
1360 1291 1600 1343 ingressus,

130 1348 311 1385 antrum
351 1346 497 1400 ipsum
540 1347 732 1388 interius
773 1348 942 1401 reperit
983 1349 1040 1388 ad
1073 1349 1141 1389 sui
1173 1349 1479 1402 receptionem
1514 1364 1602 1391 cor-

130 1404 307 1456 pusculi
349 1405 629 1446 sufficienter
671 1408 919 1446 extentum.
991 1407 1181 1461 Magnas
1223 1408 1376 1460 itaque
1424 1408 1601 1449 divinae

129 1462 455 1516 dispensationi
478 1464 648 1516 gratias
671 1479 820 1518 agens,
844 1479 1007 1518 panno,
1032 1466 1109 1518 qui
1130 1466 1480 1519 praependebat,
1506 1467 1600 1507 dili-
1629 1485 1643 1508 ι)

127 1522 308 1573 gentius
335 1535 535 1575 oppanso
567 1523 792 1571 foramini,
826 1525 975 1563 totum
1008 1524 1098 1564 diei
1131 1525 1327 1577 spatium
1359 1525 1424 1565 ibi
1444 1525 1601 1566 taliter

127 1579 352 1620 latitando
385 1580 564 1621 nemine
597 1594 778 1634 prorsus
811 1582 988 1622 conscio
1022 1582 1183 1635 exegit,
1216 1585 1347 1623 tanto
1378 1583 1600 1624 intentius

127 1638 322 1678 orationi
354 1638 579 1687 insistens,
623 1642 792 1692 quanto
835 1653 880 1680 se
918 1642 963 1680 et
995 1640 1136 1693 ipsius
1168 1640 1256 1681 loci
1289 1642 1600 1694 oportunitate

129 1696 493 1749 propinquiorem
520 1697 615 1738 Deo
648 1711 742 1738 esse
776 1698 998 1751 cognovit,
1034 1702 1079 1739 et
1111 1701 1303 1752 tempus,
1338 1713 1425 1752 quo
1457 1700 1599 1741 totius

129 1754 343 1795 ecclesiae
376 1757 522 1795 status
555 1756 858 1808 quatiebatur,
893 1770 1025 1810 aegre
1058 1758 1297 1811 perspexit.
1361 1758 1500 1807 Hora,
1538 1759 1600 1798 in·
1626 1780 1639 1800 ι

126 1826 273 1864 quam,
308 1827 396 1865 qua
429 1814 603 1854 cunctis
636 1814 848 1855 adunatis
881 1817 1042 1868 coepta
1074 1818 1190 1856 esset
1223 1829 1356 1856 causa
1396 1817 1596 1864 tractari,

126 1870 457 1923 deprehensum
497 1875 565 1912 est
599 1872 991 1925 Osnabrugensem
1029 1874 1287 1927 episcopum
1320 1888 1411 1915 non
1443 1875 1597 1916 adesse

127 1928 402 1969 Bennonem.
466 1930 614 1970 Missis
656 1931 810 1983 itaque
843 1945 869 1970 a
899 1945 1005 1984 rege
1047 1934 1092 1972 et
1134 1932 1481 1985 circumquaque
1515 1933 1596 1973 dis-

126 1987 423 2035 currentibus,
468 1990 512 2027 et
547 1989 690 2035 domo,
733 1990 781 2028 in
813 2003 902 2042 qua·
934 1990 1180 2043 hospitium
1215 1991 1426 2040 habebat,
1467 2005 1595 2044 quae-

123 2045 320 2084 rentium
361 2046 544 2086 incursu
584 2047 672 2086 iam
711 2060 824 2100 pene
858 2049 1103 2097 confracta,
1147 2062 1247 2088 cum
1280 2063 1501 2102 nusquam
1533 2063 1596 2090 re-

125 2103 348 2156 periretur
380 2104 593 2151 locorum,
629 2105 706 2145 alii
737 2106 849 2158 fuga
881 2107 1096 2159 elapsum,
1132 2107 1210 2147 alii
1238 2108 1503 2149 infirmitate
1526 2109 1596 2149 de-

125 2163 315 2209 tentum,
359 2163 500 2215 aliqui
541 2164 678 2204 etiam
721 2164 906 2217 speciali
947 2166 1139 2218 quadam
1178 2166 1450 2207 infidelitate
1483 2180 1595 2207 com-

125 2233 258 2260 mune
301 2221 574 2273 colloquium
609 2223 773 2263 vitasse
816 2223 1042 2263 dicebant.
1107 2224 1194 2265 Sed
1235 2225 1325 2265 iam
1359 2225 1431 2265 die
1464 2225 1595 2265 decli-

125 2280 234 2317 nata
274 2279 321 2317 in
362 2293 610 2332 vesperum,
654 2294 755 2321 cum
798 2296 961 2334 papam
1003 2282 1291 2323 abdicassent
1332 2284 1516 2336 eiusque
1548 2284 1595 2323 in

122 2335 273 2376 locum
306 2337 648 2379 substituissent
679 2339 986 2381 Ravennatem
1024 2341 1296 2394 episcopum,
1341 2342 1417 2394 qui
1458 2342 1593 2382 etiam
1621 2360 1635 2383 3

123 2395 271 2434 adhuc
315 2395 521 2436 Clemens
564 2397 744 2438 nomine
785 2398 1015 2439 Romanae
1063 2399 1290 2452 praesidet
1337 2399 1551 2440 ecclesiae
1567 2400 1592 2447 2,

122 2452 404 2505 plurimaque
453 2454 542 2494 alia
588 2456 867 2503 statuissent,
917 2457 1079 2509 quibus
1128 2458 1362 2511 episcopus
1409 2458 1508 2507 iste,
1558 2457 1594 2497 si

122 2523 331 2562 praesens
365 2515 492 2561 esset,
528 2513 712 2554 minime
735 2515 973 2567 praeberet
994 2528 1236 2563 assensum,
1272 2528 1476 2568 egressus
1498 2528 1590 2565 suo,

122 2624 149 2650 a)
169 2625 254 2649 altari
277 2626 308 2651 G,

122 2706 156 2749 1)
185 2706 238 2746 Cf.
266 2707 423 2739 chartam
452 2709 542 2740 cmvi
567 2709 656 2742 1110
682 2709 955 2750 (ΎΟεηιιᾶνίίεΙυεν
986 2709 1277 2741 Urlcundenbuclz’
1296 2709 1325 2749 I,
1355 2711 1421 2744 192
1446 2721 1479 2747 n,
1497 2711 1592 2752 225),

122 2753 154 2783 e’n
191 2764 260 2794 (cha
294 2754 500 2795 Ihnryensis
534 2755 662 2787 altaris
695 2756 809 2787 sancti
842 2756 1023 2787 Clementis
1056 2754 1151 2796 quod
1186 2758 1281 2788 reiro
1318 2766 1515 2789 concavum
1541 2759 1591 2789 est

122 2801 245 2831 mentio
272 2800 320 2840 fit.
418 2801 453 2843 2)
482 2802 645 2833 Mortuus
671 2805 717 2834 est
742 2802 774 2835 d.
801 2804 835 2836 8.
861 2812 904 2836 m.
933 2801 1139 2844 Septembris
1164 2813 1196 2836 α.
1218 2804 1318 2844 1100,
1347 2804 1391 2843 cf.
1416 2803 1591 2843 Keilmcke,

121 2847 129 2862 ‘
145 2845 270 2877 Il'e'bert
296 2858 358 2879 *mm
384 2847 563 2880 Jfarenna’
584 2859 622 2890 p.
643 2849 686 2882 98
699 2858 726 2881 3.

1633 901 1666 925 10

1631 1191 1662 1216 15

1623 2068 1656 2092 30

1617 2719 1651 2742 40
