1829 3070
318 252 445 288 VITA
470 250 724 287 BENNONIS
748 249 799 286 II.
826 248 1052 284 EPISCOPI
1078 246 1508 283 OSNABRUGENSIS.
1611 249 1655 282 31

180 374 325 415 multo
373 375 475 428 post
521 373 642 427 apud
690 371 927 412 Salernum
981 369 1100 410 diem
1149 368 1312 409 clausit
1359 370 1608 409 extremum
1628 367 1654 406 ¹.

180 433 353 474 Exinde
385 433 474 473 iam
508 445 585 485 spe
608 431 801 485 quadam
825 428 1083 470 securitatis
1105 429 1304 480 accepta,
1339 427 1548 467 dominus
1570 426 1658 480 epi·

180 505 341 546 scopus
374 491 430 532 ad
463 491 613 532 sedem
646 501 862 537 reversus,
902 487 1127 540 reliquum
1159 486 1249 526 iam
1282 488 1462 539 tempus
1495 485 1658 526 aetatis

181 551 363 591 omnino
386 549 610 603 disposuit
632 549 855 589 semotum
879 558 1011 600 agere
1044 545 1100 586 ab
1133 544 1255 585 omni
1289 544 1500 585 exteriori
1533 557 1658 584 occu-

139 624 155 648 5
181 609 364 663 patione
387 610 433 649 et
455 620 636 661 prorsus
659 620 685 646 a
706 605 836 659 regni
857 604 1053 658 negotiis
1079 603 1292 644 alienum.
1342 602 1400 642 Et
1431 603 1538 656 quia
1568 602 1657 642 iam

181 668 277 708 eius
310 666 491 720 penitus
524 664 851 718 desperabatur
871 663 1080 711 reversio,
1115 661 1378 716 praesertim
1404 661 1509 701 dum
1535 661 1659 701 senio

181 726 269 766 iam
303 726 569 779 gravaretur
610 725 656 765 et
688 723 868 770 morbis,
911 721 1053 775 aliqui
1095 720 1283 774 maligni
1324 720 1371 760 in
1404 720 1539 759 huius
1574 719 1660 760 loci

183 783 537 825 destructionem
569 782 824 830 inhiabant,
858 782 1073 835 putantes
1106 793 1152 821 se
1185 778 1435 832 locupletes
1464 778 1658 822 futuros,

183 843 219 883 si
242 842 328 883 Dei
361 842 500 883 servis
533 841 730 895 expulsis
762 840 882 881 bona
904 839 989 880 sibi
1022 838 1238 879 ecclesiae
1270 838 1428 878 liceret
1451 837 1658 890 diripere.

125 917 158 941 10
184 901 315 942 Unde
338 900 549 941 abbatem
572 900 621 939 in
644 899 839 939 maxima
854 897 1154 938 tribulatione
1177 899 1223 938 et
1245 896 1399 937 labore
1417 896 1658 949 reperiens,

184 959 440 1012 multosque
493 959 578 999 hoc
629 958 792 998 timore
856 956 1119 1010 perterritos
1180 956 1414 996 recessisse
1472 968 1523 995 ex
1575 955 1660 994 fra-

182 1018 342 1063 tribus,
377 1017 447 1057 his
479 1016 697 1057 litterulis
728 1016 894 1057 iterum
916 1015 1198 1068 Reginhardi
1221 1014 1399 1054 abbatis
1423 1013 1661 1066 flagitabat

185 1076 405 1117 auxilium
419 1089 426 1115 :

328 1134 422 1174 ‘Est'
460 1133 629 1181 abbati,
677 1133 772 1173 viro
813 1131 1150 1184 religiosissimo
1193 1130 1482 1183 paternitatis
1526 1130 1662 1170 beati-

129 1209 160 1233 15
185 1193 345 1233 tudine
398 1191 643 1232 sublimato
691 1193 737 1232 et
784 1190 980 1230 filiorum
1027 1188 1404 1241 circumseptione
1451 1188 1660 1240 glorioso,

186 1252 344 1292 Benno
376 1250 563 1290 humilis
595 1249 682 1290 Dei
715 1248 1000 1302 providentia
1034 1246 1394 1299 Osnabrugensis
1427 1247 1662 1299 episcopus

187 1308 507 1350 benedictionem
558 1322 585 1348 (ι
637 1307 820 1348 Domino
866 1310 902 1347 et
954 1304 1283 1346 misericordiam.
1336 1319 1361 1345 a,
1414 1304 1504 1344 Deo
1555 1304 1662 1344 sala-

188 1367 272 1408 lari
303 1381 376 1408 3210
392 1369 418 1406 ‘-'.
471 1367 645 1417 Quibus
678 1369 722 1407 te
756 1365 967 1406 laudibus
990 1365 1189 1410 efferam,
1223 1364 1385 1407 nescio,
1420 1363 1497 1403 sed
1530 1376 1660 1415 quem

189 1440 279 1467 non
311 1427 426 1467 latet
459 1426 731 1467 desiderium
766 1438 927 1467 meum.
969 1418 1095 1463 totab
1134 1422 1298 1462 mentis
1331 1422 1584 1462 intentione
1618 1423 1663 1461 ct

130 1503 164 1527 20
189 1486 365 1526 sincera
411 1485 651 1525 devotione
693 1483 941 1524 committo.
1015 1481 1215 1534 Coepisti
1257 1482 1378 1520 certe
1421 1493 1489 1519 me
1532 1480 1663 1520 beare

190 1557 268 1598 spe
300 1544 511 1589 filiorum,
552 1543 672 1583 unde
714 1542 789 1582 siti
832 1554 955 1581 meae
986 1540 1207 1583 fervorem
1242 1538 1406 1578 auxisti
1446 1538 1661 1585 divinum,

191 1607 237 1643 et
269 1616 402 1646 nunc,
436 1604 566 1655 pater
597 1603 766 1646 sancte,
800 1612 977 1653 quaeso,
1022 1612 1076 1639 ne
1110 1600 1155 1638 te
1188 1602 1345 1651 gravet-
1378 1597 1533 1637 crebra
1567 1609 1663 1636 mea

192 1660 367 1714 petitio.
417 1660 634 1700 Direxisti
656 1659 822 1712 quippe
845 1671 1059 1711 sponsum
1081 1657 1293 1697 idoneum
1317 1655 1436 1695 filiae
1469 1657 1662 1698 nostrae.

193 1720 229 1759 si
262 1719 521 1759 submiseris
554 1718 920 1771 supplementum
955 1715 1138 1768 aliquod
1171 1714 1400 1767 sponsioni
1443 1714 1559 1753 cius:
1602 1727 1663 1752 re-

132 1795 166 1819 25
193 1779 424 1818 cesserunt
456 1777 625 1817 etenim
657 1790 683 1816 a
716 1775 857 1820 nobis,
891 1774 967 1827 qui
1000 1787 1089 1813 non
1123 1775 1251 1813 erant
1284 1786 1336 1812 ex
1368 1772 1518 1813 nobis:
1563 1785 1664 1823 qua-

191 1838 389 1890 propter,
433 1835 626 1881 domine,
671 1833 859 1875 condole
901 1831 1122 1886 paucitati
1163 1833 1344 1871 nostrae
1378 1834 1423 1870 et
1455 1842 1663 1870 succurre

192 1894 471 1948 plantacioni
523 1893 740 1934 novellae.
815 1891 927 1932 Vale
981 1891 1080 1939 diu,
1134 1890 1232 1930 vale
1286 1889 1429 1929 nostri
1481 1902 1662 1935 memor,

193 1955 320 2007 pater
352 1952 536 1993 sancte'.

333 2011 506 2052 Iterum
541 2024 646 2063 ergo
673 2010 892 2049 fratribus
916 2008 1060 2048 missis
1083 2007 1205 2047 omni
1227 2006 1378 2046 studio
1400 2017 1665 2058 recuperare

133 2086 166 2111 30
192 2072 424 2110 tantarum
467 2083 692 2109 morarum
735 2067 971 2120 dispendia
1009 2066 1184 2113 statuit,
1228 2064 1441 2118 pleraque
1475 2077 1526 2103 co
1558 2066 1665 2103 tem-

193 2141 300 2181 pore
332 2141 385 2168 ex
418 2128 558 2167 nimia
588 2126 882 2167 festinatione
922 2137 1156 2178 perpessus
1197 2123 1543 2176 impedimenta;
1588 2121 1665 2161 sed

191 2187 287 2240 ipse
321 2186 578 2226 constantia
611 2185 762 2230 animi,
806 2198 894 2237 qua
927 2183 1102 2223 cunctis
1136 2181 1408 2236 praestabat,
1451 2180 1665 2233 quicquid

193 2245 370 2285 adversi
402 2244 641 2292 acciderat,
683 2244 730 2283 in
773 2243 941 2283 bonum
983 2241 1249 2294 accipiebat,
1292 2253 1392 2279 raro
1426 2239 1585 2279 solit-us
1619 2239 1666 2278 in

193 2303 344 2356 aliqua
375 2317 526 2343 rerum
559 2302 834 2342 adversitate
867 2314 962 2341 esse
993 2300 1194 2340 deiectus
1216 2300 1296 2339 aut
1319 2297 1443 2337 nulla
1467 2310 1667 2350 unquam

134 2380 168 2406 35
192 2362 493 2415 prosperitate
535 2374 729 2402 securus.
795 2360 900 2399 Est⁰
941 2361 1092 2399 autem
1126 2357 1233 2400 tale,
1275 2357 1395 2410 quod
1429 2356 1665 2395 dicimusss.

334 2434 403 2471 23.
452 2431 599 2479 Forte,
650 2444 750 2471 cum
798 2430 942 2483 paries
985 2428 1259 2469 meridianus
1303 2428 1441 2467 fieret.
1485 2428 1530 2466 et
1576 2425 1666 2465 iam

194 2490 398 2543 proxima
430 2490 502 2530 die
535 2490 769 2530 beatorum
804 2490 1052 2541 mart-yrum
1087 2486 1281 2539 Crispini
1314 2487 1359 2526 et
1393 2484 1667 2538 Crispiniani

193 2548 385 2589 instaret
406 2548 633 2589 festivitas
648 2548 674 2597 3,
714 2547 1011 2599 certatimque
1036 2545 1331 2585 festinaretur
1364 2544 1419 2584 ab
1444 2543 1665 2585 omnibus.

195 2608 417 2658 quatenus
450 2621 476 2647 a
508 2607 784 2660 praescripto
827 2606 890 2646 eis
923 2605 1069 2658 operis
1101 2603 1295 2644 termino
1338 2603 1472 2643 citius
1511 2601 1668 2642 liceret

136 2724 171 2749 40
196 2718 224 2745 a)
243 2718 416 2743 Reverendo
436 2726 538 2750 onmes,
565 2721 638 2751 quod
663 2727 697 2744 ea·
722 2719 800 2749 falsa
827 2718 1057 2749 iutewretatione
1082 2717 1299 2741 al›bre1·iamrae
1319 2716 1351 2741 R.
1370 2716 1443 2743 (scil.
1467 2712 1669 2745 chiuhardo)

196 2756 287 2777 ortum
309 2760 365 2777 esse
378 2761 437 2784 pro
457 2757 529 2779 cerlo
549 2755 637 2779 habeo
710 2755 739 2783 b)
760 2755 799 2778 fea
821 2754 928 2780 SNIE:
950 2757 1031 2777 tauta
1046 2753 1069 2776 G
1160 2753 1186 2776 ei
1206 2757 1249 2776 est
1269 2765 1302 2769 —-
1322 2751 1443 2775 dicimus
1467 2750 1540 2774 deest
1561 2749 1669 2778 SXIE,·

195 2789 320 2818 fortasse
339 2789 543 2812 emendandum
562 2788 708 2821 dicemus3
729 2790 764 2819 cf.
785 2790 885 2813 ultima
908 2789 989 2812 vvrba
1009 2796 1071 2818 cap.
1087 2788 1131 2814 24.

199 2871 232 2912 l)
255 2870 321 2902 De‘e
338 2871 393 2904 25.
412 2880 456 2904 m.
475 2869 569 2901 Maii
591 2880 625 2905 α.
645 2871 746 2905 1085.
831 2871 867 2914 2)
894 2870 989 2904 Psal.
1008 2871 1065 2910 23,
1083 2870 1114 2904 5.
1201 2870 1236 2902 3>
1268 2868 1350 2901 De'es
1366 2868 1422 2902 25.
1442 2878 1485 2901 m.
1507 2866 1669 2901 Octobris,

1685 374 1711 405 11
1720 373 1784 406 ¹55.

1696 2427 1768 2468 (29)
