1829 3070
136 896 168 921 10

138 1188 169 1213 15

136 1480 170 1505 20

136 1773 169 1798 25

137 2066 170 2091 30

136 2356 170 2381 35

137 2646 172 2671 40

334 232 458 267 VITA
486 231 736 267 BENNONIS
762 231 811 266 ΙΙ.
840 231 1066 267 EPISCOPI
1092 232 1518 270 (JSNABRUGENSIS.
1622 238 1667 270 37

194 353 317 394 ribus
350 367 489 401 usam,
524 352 775 406 pontificali
816 353 951 394 etiam
992 367 1110 394 nunc
1145 354 1369 407 dignitate
1404 354 1664 408 pollentem,
1695 360 1795 395 1088.

195 412 324 453 annis
365 411 610 452 invalidam
654 411 997 464 confectamque
1046 412 1211 453 morbis
1259 415 1305 453 et
1352 413 1546 454 debilem
1594 413 1665 455 hic

195 471 433 523 confregit,
468 470 541 510 1110
563 469 703 517 trivit,
739 469 942 523 plaustra
963 470 1177 511 videlicet
1200 471 1412 511 minando
1436 474 1481 512 et
1503 472 1664 521 asinos,

195 530 429 570 caementa
470 528 748 569 conficiendo
791 530 836 568 et
877 529 1202 582 comportando
1245 529 1430 582 lapides
1474 531 1666 583 denique

195 587 400 628 vilissimi
420 587 563 627 vicem
587 586 786 639 gerendo
809 587 1036 641 mancipii,
1071 590 1122 627 ut
1146 588 1351 628 miseram
1385 591 1665 630 senectutem

194 646 336 686 tantis
378 645 608 685 laboribus
650 658 729 698 pro
772 645 924 685 divina
965 646 1264 687 retributione
1302 647 1503 698 fatigans
1536 650 1666 688 tanto

194 704 432 757 gloriosius
454 716 593 756 regno
612 703 697 744 Dei
720 703 766 743 111
789 705 1126 745 renovationem
1150 705 1219 745 sui
1241 705 1451 746 redderet
1469 706 1664 759 dignam.

194 765 365 815 quanto
406 762 654 802 deformius
695 775 792 802 eam
833 776 953 803 nunc
995 764 1159 804 servire
1202 763 1505 816 compelleret.
1577 764 1666 805 Sed

193 835 270 861 vos
305 821 563 874 episcopum
598 822 810 866 vestrum,
844 821 970 873 quasi
1005 824 1050 862 et
1082 835 1171 861 non
1205 824 1358 862 noster
1384 823 1536 867 fuerit,
1570 823 1667 863 sedi

194 893 301 920 suae
333 879 571 919 restituere
605 881 650 919 et
683 878 800 919 bono
833 879 931 919 loco
964 880 1153 933 sepelire
1187 881 1424 927 conamini,
1469 882 1587 933 quod
1621 884 1666 922 et

194 951 275 978 1103
306 937 538 978 vobiscum
572 950 704 989 agere
737 939 978 990 oporteret,
1013 939 1049 978 si
1071 942 1192 979 recte
1216 952 1485 991 saperemus.
1540 939 1667 979 Bona

194 996 376 1049 quidem
410 995 520 1036 haec
553 997 704 1035 vestra
734 1008 831 1039 vox.
866 996 944 1036 sed
977 996 1197 1049 sacrilega
1228 997 1436 1043 intentio,
1481 1000 1526 1037 et
1559 998 1665 1037 dum

193 1055 349 1094 vitatis
389 1053 623 1094 infamiam
669 1056 715 1094 et
756 1055 918 1107 pietati
960 1055 1208 1101 consulitis,
1253 1068 1366 1108 quae
1403 1055 1531 1096 nulla
1561 1056 1663 1104 fuit,

195 1113 340 1154 scelus
372 1112 616 1159 incurritis,
650 1112 831 1165 rapinas
863 1115 909 1153 et
942 1113 1068 1153 dolos
1100 1114 1278 1154 honesti
1302 1114 1495 1154 nominis
1518 1114 1665 1155 colore

194 1172 416 1212 fucantes.
489 1170 578 1211 Sed
620 1172 728 1216 esto,
772 1171 960 1215 deferte,
1004 1186 1091 1224 quo
1133 1171 1284 1217 vultis,
1327 1185 1433 1212 sane
1475 1175 1527 1212 ut
1568 1186 1666 1213 con-

195 1230 333 1283 digno
380 1229 800 1283 praedecessoribus
848 1230 938 1269 suis
988 1230 1156 1271 honore
1204 1230 1422 1275 condatis,
1475 1244 1665 1283 quorum

194 1288 420 1332 nimirum,
454 1301 568 1340 quae
598 1288 766 1328 urticas
799 1291 844 1328 et
876 1301 1032 1342 vepres
1055 1291 1100 1329 et
1123 1303 1360 1342 porcorum
1382 1302 1548 1342 pascua
1571 1302 1666 1330 eva-

195 1347 299 1387 dere
332 1348 593 1400 potuerunt,
627 1346 897 1399 paucissima-
928 1347 1057 1387 nobis
1089 1350 1195 1387 sunt
1222 1347 1526 1387 monimentaa
1554 1361 1666 1388 com-

194 1408 337 1459 perta,
371 1418 560 1458 quorum
594 1407 746 1445 autem
777 1405 826 1444 111
857 1407 1012 1458 aperto
1046 1409 1163 1450 sunt,
1197 1419 1476 1446 veneramur.
1530 1405 1666 1446 Num-

195 1459 329 1516 quidb
369 1463 498 1504 cultu
530 1464 576 1503 et
604 1464 763 1504 decore
787 1477 866 1504 suo
889 1477 1165 1505 successores
1188 1464 1397 1504 alliciunt
1420 1464 1663 1518 episcopos,

195 1523 246 1562 ut
279 1522 374 1562 sine
415 1521 478 1562 eis
520 1521 672 1562 sortiri
712 1521 969 1575 sepulturas
1001 1536 1092 1562 11011
1125 1522 1376 1576 appetant?
1437 1522 1538 1563 Non
1577 1523 1663 1570 ita;

194 1580 362 1634 quippe
409 1593 524 1633 quae
570 1582 701 1620 tanto
748 1580 836 1620 iam
884 1583 1087 1634 tempore
1134 1582 1268 1622 foedo
1315 1581 1407 1621 situ
1457 1581 1667 1633 neglecta

195 1639 461 1679 sordescunt
493 1641 539 1678 et
567 1639 749 1679 horrido
771 1639 967 1691 quodam
988 1640 1230 1680 vetustatis
1261 1639 1468 1692 squalore
1502 1639 1664 1692 potius,

194 1699 246 1737 ut
277 1697 528 1750 fugiantur,
563 1696 815 1744 clan1ant03
855 1700 900 1738 et
932 1697 1064 1750 quale
1097 1699 1345 1743 animabus,
1378 1711 1492 1750 quae
1523 1698 1667 1739 videri

195 1769 286 1795 non
319 1757 519 1808 possunt,
554 1755 655 1808 piae
686 1755 1012 1796 recordationis
1045 1756 1335 1809 impendatur
1357 1756 1571 1800 officium,
1605 1769 1666 1797 se-

195 1814 398 1867 pulchra,
442 1827 556 1866 quae
598 1816 818 1867 apparent
859 1816 905 1854 et
946 1818 1129 1867 possent
1162 1817 1346 1868 sumptu
1377 1815 1577 1867 reparari
1610 1814 1666 1855 le-

195 1872 389 1919 vissimo,
423 1871 659 1925 neglectus
692 1872 760 1912 sui
784 1872 1006 1913 foeditate
1028 1875 1270 1913 testantur.
1318 1872 1490 1912 Multos
1513 1875 1666 1913 autem

196 1931 402 1971 novimus
442 1930 679 1983 pontifices
721 1933 847 1971 extra
888 1931 1005 1972 sedis
1046 1944 1152 1972 suae
1194 1931 1342 1972 locum
1384 1944 1474 1971 non
1507 1931 1664 1976 solum,

196 2002 351 2030 verum
393 1989 530 2029 etiam
573 1991 700 2030 extra
748 1986 1004 2030 dioceseosd
1047 2003 1154 2030 suae
1200 1990 1417 2030 terminos
1465 2002 1559 2030 esse
1607 2003 1667 2030 se-

196 2047 360 2101 pultos.
425 2046 545 2097 Quid
572 2048 725 2100 igitur,
761 2049 995 2088 hominum
1026 2048 1331 2101 impurissimi,
1364 2049 1514 2088 vestro
1547 2048 1666 2089 hunc

196 2106 345 2146 locum
376 2105 590 2146 invidetis
623 2106 831 2149 antistiti,
875 2106 954 2146 ubi
991 2119 1097 2147 suae
1130 2106 1288 2159 procul
1321 2105 1459 2146 dubio
1492 2106 1667 2147 animae

195 2164 514 2204 intercessores
576 2165 862 2217 praeparavit
923 2164 1116 2217 optimos
1170 2166 1215 2205 et
1267 2165 1433 2205 ossium
1485 2177 1667 2204 suorum

197 2222 435 2263 fidissimos
467 2222 692 2275 praevidit
723 2222 1014 2275 cinerumque
1047 2222 1288 2264 custodes‘.>
1333 2222 1427 2263 Nec
1452 2222 1667 2263 ecclesiae

196 2294 316 2325 suae,
350 2282 403 2320 ut
433 2283 582 2320 vestra
614 2280 855 2321 falsissime
888 2281 1129 2321 cavillatur
1160 2281 1370 2329 versutia,
1414 2294 1459 2321 se
1496 2281 1667 2321 subtra-

196 2339 345 2379 hendo
378 2340 548 2378 statum
580 2339 794 2380 minuisse
828 2339 1100 2386 dinoscitur;
1143 2340 1221 2380 sed
1259 2340 1354 2380 eius
1386 2339 1536 2392 potius
1566 2353 1668 2380 cum

195 2397 243 2437 in
283 2397 451 2445 multis,
493 2399 592 2436 tum
634 2397 769 2437 etiam
814 2411 976 2437 novam
1013 2397 1224 2438 faciendo
1257 2398 1665 2451 congregationem,

195 2455 508 2495 1301111511111111111Θ
544 2455 668 2508 prius
699 2469 791 2496 11011
823 2469 980 2509 parum
1019 2456 1255 2509 ampliavit
1285 2457 1515 2496 honorem.
1579 2456 1667 2496 Sed

197 2514 305 2566 quid
347 2527 424 2554 vos
465 2516 667 2554 astantes
709 2517 755 2555 et
796 2515 907 2555 haec
950 2515 1199 2563 audientes,
1242 2515 1402 2568 optimi
1444 2514 1589 2555 clerus
1622 2516 1668 2555 et

196 2572 404 2625 populus,
447 2573 523 2625 qui
565 2573 727 2613 horum
768 2573 887 2613 iuste
920 2573 1232 2625 dedignamini
1263 2573 1422 2614 sceleri
1454 2573 1667 2626 praebere

197 2642 441 2679 assensum,
490 2644 560 2672 me
607 2631 752 2672 solum
800 2633 871 2672 tot
918 2631 1106 2672 canibus
1162 2631 1388 2672 oblatrare
1444 2630 1665 2684 patimini,

196 2690 267 2728 tot
299 2701 528 2728 morsuum
560 2685 744 2743 pateres
780 2689 1011 2737 livoribus,
1054 2692 1100 2730 et
1142 2691 1269 2743 quasi
1309 2690 1503 2730 tacendo
1545 2691 1668 2729 nota-

196 2790 224 2819 a)
248 2790 288 2812 [2⁴11
306 2789 434 2819 (S?)IE';
459 2793 647 2815 monumenta
666 2791 707 2820 G;
732 2791 858 2822 monim„
879 2798 953 2818 corr.
973 2798 1098 2817 monum.
1118 2791 1147 2815 N
1212 2791 1242 2823 b)
1262 2789 1394 2822 nunquid
1413 2791 1437 2814 G
1510 2792 1536 2819 e)
1555 2789 1668 2814 concla-

195 2828 276 2848 mant
301 2825 429 2848 emendat
449 2832 471 2851 v.
491 2824 656 2855 IVinterfeld
679 2826 717 2849 ad
741 2827 943 2850 restituendam
967 2827 1132 2857 rhythmum
1203 2827 1231 2856 d)
1257 2825 1423 2850 dioeceseos
1442 2826 1483 2855 (ἦ
1509 2824 1667 2850 (lioecesios

195 2859 263 2890 (S?)
272 2859 328 2889 NL.-
348 2858 507 2884 diaecesios
526 2860 554 2883 Ε
623 2861 651 2890 e)
671 2860 711 2884 ita
731 2861 772 2891 G,-
792 2861 937 2886 tantillum
959 2861 1054 2885 SNIE
1123 2861 1146 2893 f)
1164 2865 1265 2892 petere
1284 2861 1318 2888 G.
