1829 3070
156 899 188 924 10

155 1193 187 1217 15

152 1485 185 1509 20

152 1789 185 1814 25

151 2082 185 2106 30

150 2374 182 2399 35

149 2693 183 2716 40

358 233 483 269 VITA
510 232 762 269 BENNONIS
789 233 839 270 II.
867 234 1095 269 EPISCOPI
1122 234 1549 272 OSNABRUGENSIS.
1646 241 1690 274 23

215 356 344 408 quasi
378 355 639 409 hospitandi
671 355 819 408 gratia
859 355 1047 396 latuerit
1080 378 1134 382 —
1168 356 1204 395 si
1238 356 1430 409 denique
1464 358 1574 399 haec
1606 358 1689 398 sin-

215 414 325 467 gula
356 416 402 455 et
434 413 581 454 multa
603 413 780 462 similia,
815 427 929 466 quae
953 426 1004 454 eo
1026 416 1229 467 tempore
1252 415 1404 467 gessit,
1437 417 1687 464 referimus,

215 473 421 526 profecto
454 486 543 513 non
575 475 669 512 tam
712 472 814 512 utili
858 472 969 513 haec
1002 474 1218 525 poterunt
1259 487 1392 525 quam
1432 473 1567 527 longo
1606 489 1689 516 ser-

215 545 347 572 mone
379 531 567 572 narrari.
631 530 762 581 Quod
797 531 1084 572 manifestius
1125 531 1195 571 his
1237 531 1394 580 literis,
1437 546 1547 585 quas
1579 536 1688 574 tunc

216 589 472 643 Sigewinoa
512 589 771 630 Coloniensi
804 589 1042 643 episcopol
1075 589 1210 634 misit,
1245 592 1454 643 apparet:

357 647 616 701 ‘Depositus
640 647 861 701 apposito,
893 648 1064 688 eiectus
1088 647 1232 688 electo
1255 648 1462 695 salutem,
1496 663 1578 690 nec
1602 650 1686 690 iam

214 706 450 760 episcopus
473 706 631 747 Benno
655 706 837 746 domino
860 706 1198 760 archiepiscopo
1226 707 1460 760 utriusque
1494 708 1688 748 hominis

214 778 389 819 semper
420 765 577 806 felices
610 778 841 805 successus
883 765 928 804 in
963 765 1172 805 Domino.
1237 764 1352 815 Quia
1395 769 1529 819 rupto
1561 768 1689 819 regni

213 823 397 864 foedere
430 836 570 876 usque
602 824 659 863 ad
691 823 979 876 naufragium
1005 823 1290 877 periclitatur
1312 825 1437 864 navis
1459 824 1687 874 ecclesiae,

213 881 284 922 vel
316 896 408 930 vos,
451 883 528 934 qui
570 881 717 922 Deum
762 882 945 925 timetis,
987 882 1093 934 quid
1136 883 1264 935 regni
1305 885 1474 922 statum
1517 883 1686 925 deceat.

214 940 404 981 solerter
451 940 687 988 consulite,
737 954 792 980 ne
839 953 980 992 usque
1029 941 1084 980 ad
1127 941 1478 981 internetionem
1519 941 1565 981 in
1609 956 1687 982 nos

215 998 393 1039 hostilis
435 1012 589 1039 mucro
631 999 833 1039 deseviat
848 999 874 1046 ²,
918 999 996 1051 qui
1046 999 1246 1051 undique
1293 999 1457 1051 gladiis
1505 999 1687 1040 circum-

212 1056 462 1102 fundimur,
497 1059 543 1098 et
576 1071 666 1097 non
698 1059 766 1097 est
789 1057 866 1110 qui
889 1057 1053 1110 eripiat
1068 1057 1095 1096 3.
1150 1057 1265 1098 Sane
1300 1060 1483 1111 propter
1515 1062 1688 1112 aposto-

213 1115 328 1156 licae
371 1116 490 1156 sedis
527 1115 834 1156 obedientiam
866 1115 1070 1156 volentes
1104 1116 1302 1169 patimur
1334 1118 1510 1156 tantam
1545 1130 1688 1169 perse-

214 1174 410 1214 cutionis
452 1174 709 1226 angustiam
750 1174 798 1213 in
843 1173 1230 1216 tribulationibus.
1281 1187 1394 1226 quae
1441 1188 1521 1214 nos
1570 1175 1686 1216 inve-

213 1233 409 1273 nerunt4
450 1246 540 1273 11011
583 1232 866 1273 deficientes:
907 1232 1149 1272 maluimus
1202 1233 1317 1272 enim
1372 1233 1600 1285 fugientes·
1642 1234 1687 1273 in

213 1291 422 1332 manibus
469 1291 678 1344 Egiptiae
722 1291 931 1331 dominae
972 1290 1226 1343 relinquere
1280 1291 1468 1344 pallium
1483 1291 1508 1340 ⁵,
1554 1305 1685 1344 quam

214 1350 489 1403 emancipati
542 1350 687 1390 eidem
740 1349 937 1403 turpiter
989 1349 1154 1390 servire
1207 1363 1347 1402 usque
1400 1350 1456 1389 ad
1510 1351 1685 1390 animae

212 1408 463 1448 interitum.
528 1408 797 1462 Prosperum
835 1408 977 1448 faciat
1017 1408 1104 1448 iter
1135 1410 1334 1449 vestrum
1367 1408 1490 1448 Deus
1523 1408 1686 1448 saluta-

211 1467 328 1506 rium
360 1466 630 1507 nostrorum'
647 1467 674 1505 (ἱ.

354 1525 442 1566 Sed
475 1525 545 1565 his
577 1525 643 1565 ita
675 1525 815 1565 finitis
848 1526 905 1564 ad
937 1524 1111 1577 reliqua
1143 1537 1394 1578 pergamus.

358 1598 422 1636 18.
470 1596 622 1648 Igitur
663 1597 901 1648 postquam
942 1595 1062 1635 inter
1100 1608 1251 1647 regem
1294 1597 1339 1634 et
1386 1594 1683 1648 apostolicum
1726 1615 1733 1621 ·

212 1654 350 1694 semel
393 1656 550 1694 exorta
591 1653 816 1694 discordia
857 1653 983 1693 nullo
1026 1653 1177 1706 potuit
1218 1653 1452 1692 hominum
1500 1653 1686 1694 consilio

212 1712 282 1752 vel
323 1712 500 1752 ratione
542 1712 702 1759 sedari,
750 1711 846 1752 Deo
888 1712 1093 1764 profecto
1130 1713 1202 1752 tot
1243 1711 1475 1751 hominum
1515 1712 1686 1753 offenso

212 1770 457 1811 sceleribus
500 1771 736 1811 deserente
776 1772 933 1817 terras,
977 1770 1239 1810 abundante
1271 1770 1513 1822 iniquitate
1547 1773 1592 1810 et
1623 1784 1685 1811 re-

209 1829 485 1882 frigescente
527 1829 719 1869 caritate
761 1828 1008 1868 multorum
1028 1827 1052 1873 7,
1095 1827 1338 1880 nullusque
1376 1828 1430 1868 ab
1465 1828 1685 1869 alterutra

211 1889 339 1941 parte
372 1887 532 1928 modus
565 1888 706 1935 fieret,
749 1887 855 1927 inde
897 1887 1070 1927 scilicet
1113 1886 1481 1926 maledictionum
1515 1886 1585 1927 vel
1618 1900 1685 1927 ex-

211 1946 686 1991 communicationum,
720 1945 826 1985 hinc
858 1959 963 1986 vero
996 1945 1214 1985 bellorum
1251 1945 1457 1984 caedium
1499 1947 1544 1985 et
1575 1946 1686 1998 rapi-

209 2018 384 2051 narum,
429 2017 480 2045 eo
522 2017 778 2058 processum
822 2005 890 2044 est
922 2003 1014 2044 odii
1047 2005 1092 2043 et
1132 2003 1342 2050 invidiae,
1386 2005 1448 2049 ut,
1491 2003 1578 2043 nisi
1610 2017 1686 2044 rex

211 2063 516 2116 deponeretur
548 2065 628 2103 aut
660 2076 788 2116 papa,
830 2064 987 2102 tantae
1029 2062 1122 2102 irae
1166 2063 1211 2102 et
1249 2061 1591 2101 inimicitiarum
1623 2062 1685 2102 fo—

210 2122 342 2162 mites
375 2121 557 2175 penitus
590 2121 795 2174 extingui
836 2134 928 2160 non
960 2122 1156 2173 possent.
1222 2119 1508 2172 Congregata
1545 2120 1686 2172 igitur

210 2180 331 2233 apud
373 2175 654 2220 Ticinumb·8
696 2179 860 2219 Italiae
908 2179 1138 2219 civitatem
1179 2178 1489 2231 episcoporum
1538 2178 1685 2218 multi-

209 2239 383 2286 tudine,
418 2238 494 2291 qui
526 2237 677 2290 regiae
711 2237 831 2290 parti
862 2237 1081 2277 favebant
1113 2239 1158 2277 et
1180 2250 1323 2289 papae
1347 2250 1398 2276 eo
1420 2236 1687 2277 ferebantur

209 2297 389 2344 infensi,
433 2297 539 2349 quia
579 2296 852 2336 indiscretus
884 2296 1074 2335 nimium
1108 2294 1343 2335 dicebatur
1375 2295 1430 2335 ab
1465 2295 1540 2343 eis,
1584 2309 1684 2335 011111

211 2355 265 2396 de
309 2369 462 2395 eorum
503 2355 707 2408 nequitia
749 2367 880 2407 saepe
922 2366 1028 2394 vera
1067 2353 1342 2406 loqueretur,
1387 2367 1486 2393 cum
1531 2367 1685 2394 eorum

211 2413 397 2454 consilio
431 2416 476 2454 et
508 2413 729 2453 instinctu
761 2426 839 2453 rex
871 2412 1010 2452 alium
1043 2425 1207 2465 papam
1238 2412 1286 2450 in
1309 2412 1413 2452 sede
1437 2412 1685 2465 apostolic-a

209 2472 454 2513 sublimare
488 2472 761 2525 disponeret,
803 2471 1016 2511 interfuit
1053 2471 1189 2510 etiam
1223 2471 1467 2511 conventui
1497 2470 1566 2510 illi
1599 2471 1685 2524 epi-

209 2562 241 2591 a)
265 2561 423 2593 Sigenuius
444 2562 485 2592 (γ’,-
510 2569 608 2587 nomen
633 2562 726 2586 omisit
752 2562 941 2592 intemolator
1013 2562 1041 2591 b)
1063 2560 1197 2585 cicinum
1217 2568 1293 2587 corr.
1314 2561 1375 2585 alia
1395 2568 1481 2584 mmm
1501 2561 1632 2585 Ticinum
1653 2561 1685 2587 G.

212 2631 245 2673 1,)
283 2631 476 2672 δ’τζᾳετυίπιιε
512 2632 794 2674 archiepiscopus
829 2635 968 2663 creatus
1004 2634 1052 2663 est
1089 2631 1222 2663 ultimis
1256 2642 1288 2665 a.
1319 2632 1418 2665 1078.
1453 2632 1522 2663 sice
1552 2631 1686 2672 prirm's

209 2688 241 2709 cc.
263 2679 363 2712 1079.
387 2679 515 2719 diebus,
541 2679 587 2719 cf.
610 2679 730 2720 ssseyer
754 2689 780 2712 ι’.
799 2678 956 2710 Knoncm
978 2678 999 2711 l.
1019 2688 1043 2711 0.
1064 2677 1136 2717 III,
1156 2679 1223 2712 155
1233 2690 1245 2716 ,·
1270 2679 1388 2719 itaque
1410 2678 1590 2710 Bennom's
1614 2679 1685 2719 epi-

206 2725 339 2757 stulam
361 2735 394 2759 α.
410 2726 511 2760 1079.
532 2726 653 2758 elatam
676 2735 743 2757 esse
764 2725 951 2757 1z>erisimile
972 2728 1028 2758 est.
1108 2725 1144 2766 2)
1173 2725 1226 2765 Cf.
1245 2727 1277 2759 2.
1293 2725 1376 2766 Rey.
1396 2726 1427 2766 2,
1441 2726 1496 2758 26.
1570 2725 1605 2765 3)
1629 2724 1684 2764 Cf.

208 2771 305 2805 Psal.
332 2773 388 2813 70,
407 2773 460 2805 11.
487 2773 544 2813 49,
566 2774 621 2806 22.
740 2772 776 2815 4)
814 2772 869 2811 Cf.
896 2771 990 2805 Psal.
1017 2772 1073 2811 45,
1093 2773 1125 2805 2.
1153 2773 1231 2811 118,
1250 2773 1326 2806 143.
1448 2773 1482 2812 5)
1517 2770 1571 2810 Cf.
1600 2770 1684 2804 Gen.

208 2819 335 2860 39,1·2.
397 2818 431 2861 6)
452 2818 506 2858 Cf,
524 2818 621 2852 Psal.
641 2820 697 2860 67,
715 2820 770 2853 20.
821 2818 855 2861 7)
876 2818 930 2858 Cf.
949 2818 1075 2852 Mattlz.
1095 2819 1151 2860 ⁶24,
1170 2820 1224 2852 12.
1290 2819 1325 2861 8)
1346 2818 1466 2850 Error·
1483 2817 1686 2855 Nor-them&

210 2865 367 2907 loquitur
391 2865 432 2897 dc
455 2866 587 2906 synodo
611 2865 835 2907 Βνιῗσείηεηεί,
863 2875 950 2907 quae
975 2865 1008 2899 d.
1027 2866 1082 2899 25.
1111 2877 1153 2899 m.
1173 2865 1274 2897 Iunii
1298 2875 1330 2898 α.
1351 2865 1452 2899 1080.
1480 2864 1600 2896 habita
1627 2867 1684 2897 est.

1713 2189 1814 2223 1080.
