1834 3055
25 387 127 422 1088.

49 1669 124 1711 (40)

152 266 197 300 36
299 263 426 299 VITA
451 261 702 297 BENNONIS
728 261 779 297 ΙΙ.
806 261 1034 296 EPISOOPI
1059 260 1483 297 OSNABRUGENSIS.

153 384 354 438 precario
387 383 591 423 obtinere
617 396 708 423 non
734 384 896 435 posset,
930 382 974 421 vi
1004 381 1121 421 illud
1146 383 1380 422 tueretura
1408 384 1453 422 et
1478 382 1624 422 ianuis

154 442 329 490 clausis,
365 455 467 482 cum
492 440 609 480 nihil
633 441 876 481 monachos
898 440 945 480 in
967 439 1052 480 tali
1075 439 1320 480 certamine
1353 435 1617 480 dedeceretb

153 500 355 549 audacia,
389 499 469 540 ubi
500 499 677 539 iustitia
709 501 754 540 et
786 499 896 539 fides
930 512 1009 552 pro
1042 498 1105 539 eis
1137 499 1361 552 pugnaret
1395 499 1440 538 et
1466 498 1623 550 pietas.

154 558 212 598 Et
252 559 343 598 iam
384 572 514 598 mane
556 559 820 611 erumpente
860 557 907 596 in
948 557 1108 605 lucem,
1151 556 1404 610 pontificali
1445 558 1624 609 arrepto

153 617 336 665 baculo,
388 616 537 656 locum
590 616 836 669 sepulchri,
889 615 969 656 ubi
1020 628 1139 655 nunc
1192 615 1403 663 cernitur,
1457 614 1625 668 populo
1651 627 1666 652 5

153 675 400 729 aspiciente
444 675 662 728 signavit;
712 688 799 727 quo
845 674 969 714 facto
1016 673 1268 714 videntium
1316 673 1488 713 animos
1534 686 1625 712 non

153 747 310 786 parum
351 734 397 772 in
431 733 501 772 sui
531 733 732 773 favorem
766 733 919 779 erexit,
962 735 1014 771 ut
1057 732 1151 772 eius
1191 732 1255 772 rei
1292 732 1384 772 iam
1415 732 1624 784 quodam-

153 793 285 832 modo
319 805 392 832 eos
425 791 624 832 reddidit
658 792 816 837 certos,
851 790 978 830 cuius
1012 790 1106 843 ipse
1140 790 1288 829 adhuc
1321 789 1502 842 penitus
1529 791 1625 830 erat

152 851 367 891 incertus.
416 850 642 890 Adunatis
675 851 827 889 autem
859 848 1155 902 optimatibus
1189 849 1234 888 et
1266 847 1430 895 cleross,
1466 848 1542 900 qui
1568 848 1625 887 ad

153 908 458 962 sepeliendum
497 908 757 961 episcopum
789 907 953 960 partin]
996 906 1214 955 accersiti,
1257 906 1422 960 partim
1464 907 1625 959 sponte
1653 919 1686 943 10

153 968 478 1015 convenerant,
531 966 693 1006 intimo
754 965 1026 1019 supplicavit
1084 964 1274 1007 affectu,
1336 967 1387 1004 ut
1447 966 1624 1004 tantam

152 1026 426 1078 perfidorum
458 1025 748 1065 obstinatiam
791 1024 1068 1077 frangerent,
1109 1036 1166 1063 ne
1207 1023 1410 1063 homines
1452 1023 1623 1075 nequis-

153 1084 253 1124 simi
308 1084 355 1123 in
410 1083 499 1123 loci
554 1082 909 1123 destructionem
971 1081 1304 1134 praevalerent,
1369 1081 1522 1121 dicens
1578 1094 1623 1121 30

151 1142 248 1195 ipsa
296 1142 367 1182 die
415 1141 583 1194 absque
631 1141 769 1181 dubio
815 1153 1095 1180 recessurum
1152 1153 1253 1179 cum
1300 1139 1529 1183 omnibus,
1587 1139 1624 1178 si

153 1200 278 1240 100113
334 1199 571 1240 structoris
625 1200 693 1239 sui
742 1199 972 1238 mansione
1020 1200 1213 1246 careret3
1272 1200 1316 1238 et
1374 1198 1457 1238 hoc
1513 1200 1622 1238 tunc
1650 1209 1682 1234 15

152 1259 310 1311 utique
333 1260 492 1312 sponte
516 1257 749 1298 honestius
771 1257 922 1297 facere
945 1259 1108 1310 posset„
1143 1256 1262 1309 quod
1284 1258 1438 1296 tamen
1467 1258 1623 1309 postea

153 1319 269 1357 esset
300 1317 467 1357 invitos
499 1316 743 1357 necessitas
776 1317 1001 1356 coactura.
1064 1315 1255 1355 Nemine
1285 1316 1437 1355 autem
1469 1328 1622 1354 eorum

153 1375 504 1421 contradicente,
547 1375 624 1416 sed
667 1377 711 1415 et
753 1373 979 1426 aliquibus
1021 1374 1159 1414 etiam
1195 1373 1395 1413 studiose
1428 1386 1622 1413 annuen-

151 1434 274 1474 tibus
305 1433 534 1474 voluntati
575 1433 764 1482 abbatis,
805 1446 921 1472 unus
961 1446 1114 1472 eorum
1155 1428 1517 1484 111111101911113ᾱ·1
1550 1445 1621 1471 110-

153 1492 290 1541 1111110,
354 1492 579 1545 dignitate
639 1491 923 1545 praeminens
980 1493 1179 1530 caeteros
1233 1492 1277 1530 et
1329 1490 1499 1542 pietate
1553 1490 1621 1530 de-
1647 1501 1681 1525 20

151 1551 318 1599 votior,
373 1550 630 1591 convocatis
681 1549 921 1589 universis.
976 1562 1080 1601 prae
1127 1548 1412 1588 immanitate
1459 1548 1621 1600 fiagitii

152 1609 410 1657 infremuit,
474 1611 518 1649 et
578 1608 755 1648 iustitia
816 1621 976 1647 causae
1027 1607 1307 1646 iracundiam
1359 1606 1618 1658 instigante,

152 1668 386 1720 praefatur
425 1667 473 1706 in
512 1667 633 1707 hunc
674 1666 855 1706 modum
900 1667 964 1705 et:
1011 1664 1170 1714 Quid,
1204 1665 1364 1717 inquit,
1402 1664 1562 1717 ‘ag-itis.
1595 1678 1620 1704 0

151 1725 357 1766 infideles
399 1728 444 1766 et
484 1725 612 1777 impii
652 1725 700 1764 in
741 1726 914 1777 patrem
956 1723 1236 1776 spiritualem
1287 1723 1619 1775 dominumque,

150 1786 326 1824 tantam
366 1783 683 1824 crudelitatem
721 1782 1056 1822 committentes
1095 1783 1139 1822 et
1175 1781 1395 1830 fraudem,
1436 1783 1480 1821 et
1517 1781 1622 1834 quia
1647 1791 1680 1815 25

153 1842 323 1882 viventi
364 1856 455 1882 non
495 1842 638 1889 licuit,
682 1843 860 1881 mortuo
901 1841 989 1879 iam
1028 1840 1244 1879 infandae
1277 1839 1620 1892 conspirationis

154 1914 312 1940 manus
352 1900 541 1940 inicitis!
592 1899 724 1940 Certe
764 1899 820 1939 ob
852 1899 997 1938 varias
1030 1898 1243 1951 perfidiae
1265 1900 1439 1938 vestrae
1472 1898 1621 1950 nequi-

153 1959 266 1998 tiase
315 1959 491 2011 saepius
532 1957 759 2010 obiurgati
800 1957 854 1996 ab
895 1956 975 1996 illo
1017 1969 1136 1996 nunc
1177 1956 1319 1996 vicem
1360 1956 1619 2008 rependitis,

155 2030 274 2056 nunc
316 2019 361 2057 et
394 2016 655 2068 nequissimi
696 2015 812 2055 servi
853 2017 1067 2068 paternae
1109 2014 1403 2067 correptionis
1434 2014 1621 2054 iniurias

154 2075 407 2123 vindicatis,
451 2077 495 2115 et
537 2074 692 2126 quales
734 2087 839 2126 erga
878 2073 1028 2112 vivum
1070 2073 1262 2118 fueritis,
1307 2073 1361 2113 de
1397 2075 1496 2112 toto
1528 2085 1620 2125 per-
1647 2083 1680 2108 30

154 2134 380 2173 versitatis
402 2135 577 2174 vestrae
598 2128 755 2172 fontef
782 2131 979 2185 aperitis.
1028 2131 1089 2170 At
1122 2131 1273 2184 plures
1296 2134 1492 2171 vestrum
1527 2144 1621 2184 pro-

154 2192 289 2241 fecto,
324 2192 400 2244 qui
433 2194 567 2232 antea
599 2203 762 2243 genere
796 2193 840 2230 et
873 2189 1033 2243 opibus
1065 2189 1302 2230 miserrimi
1327 2189 1491 2237 fuistis,
1525 2190 1620 2243 ipse

155 2250 371 2303 provexit,
419 2250 515 2303 ipse
562 2249 745 2289 inclitos
791 2249 914 2293 fecit,
963 2248 1057 2301 ipse
1103 2248 1278 2293 ditavit,
1328 2248 1454 2288 cuius
1502 2261 1620 2288 1111110

156 2308 383 2348 beneficiis
416 2311 509 2348 tam
544 2307 722 2361 egregie
744 2307 1039 2359 respondetis,
1072 2308 1123 2345 ut
1146 2306 1424 2360 sepulturam
1447 2306 1621 2359 negetis

156 2369 201 2407 et
234 2367 287 2407 de
320 2366 432 2410 1000,
465 2379 609 2419 quem,
644 2367 696 2405 ut
727 2365 901 2405 inditiis
934 2365 1097 2404 datum
1122 2364 1342 2417 intelligo,
1378 2365 1474 2405 Deo
1504 2378 1621 2404 111011-
1647 2374 1680 2398 35

157 2427 358 2464 strantess'
395 2425 545 2477 elegit,
589 2426 718 2464 tanto
761 2423 943 2476 pellatis
977 2423 1221 2467 scelestius,
1265 2425 1434 2475 quanto
1467 2423 1620 2462 durius

155 2483 250 2535 ipse
283 2483 473 2536 propriis
506 2482 713 2522 manibus
746 2481 997 2521 construxit
1031 2483 1074 2521 et
1107 2495 1132 2520 a
1164 2481 1404 2521 saevientis
1440 2481 1621 2521 turbine

157 2541 315 2580 mundi
347 2541 612 2580 fidissimum
645 2540 869 2581 senectuti
902 2539 1186 2592 praeparavit
1209 2538 1394 2591 asylum.
1444 2538 1621 2592 Quippe

157 2601 351 2639 aetatem
384 2599 431 2638 in
464 2599 634 2651 palatio
667 2599 905 2639 educatam
938 2600 983 2638 et
1016 2597 1303 2650 amplissimis
1335 2597 1459 2650 prius
1488 2598 1621 2638 hono-

156 2676 185 2709 a)
206 2678 246 2701 ita
262 2677 353 2709 GN1‚·
372 2677 552 2701 obtineretur
572 2678 605 2705 >2-
627 2679 775 2700 teneretur
793 2676 820 2699 E
880 2675 908 2705 bj,
931 2676 970 2698 ita
991 2675 1098 2704 SSIE;
1119 2674 1235 2699 deceret
1256 2674 1279 2697 G
1343 2678 1368 2705 c)
1389 2675 1428 2699 im
1448 2677 1489 2705 Η,-
1509 2675 1622 2700 clericis
1646 2674 1681 2698 40

157 2712 257 2743 SNIE,
278 2713 312 2742 cf:
327 2713 407 2742 infra
423 2720 454 2742 p.
467 2713 498 2736 37
521 2712 538 2738 Ι,
551 2712 593 2742 38,
610 2720 640 2741 p.
654 2713 687 2735 39
706 2712 723 2736 l.
738 2712 769 2735 16
831 2709 860 2739 (1)
881 2710 1059 2741 Liudolphus
1078 2717 1171 2733 omnes
1234 2716 1260 2739 0,)
1281 2711 1431 2739 nequetias
1452 2711 1476 2734 G-
1539 2711 1562 2741 f)
1583 2711 1622 2734 fta

157 2748 270 2777 GXIE,·
290 2748 387 2771 fronte
407 2748 427 2771 S
497 2754 525 2778 g)
546 2747 585 2770 sla
606 2747 645 2775 (ν’,-
666 2745 886 2770 demonstrante
905 2745 1006 2771 SNIE.

159 2808 192 2843 1)
216 2806 407 2846 Limlolfets
441 2805 626 2838 advocatus
660 2805 810 2847 episcopi
834 2804 1013 2836 Bemzonis
1046 2804 1254 2835 nominatur
1289 2805 1323 2835 in
1351 2803 1473 2835 charta
1501 2804 1622 2836 (03110-

158 2852 304 2884 hrz'iclcer
327 2851 613 2884 Urkrmzdenbuch’
640 2851 670 2892 I,
700 2852 766 2885 142
793 2862 825 2884 u.
846 2851 912 2884 162
937 2849 1038 2890 (Mem
1058 2850 1147 2890 forte
1164 2851 1202 2881 in
1219 2849 1352 2882 chartis
1369 2861 1401 2883 u.
1423 2851 1498 2884 163.
1519 2850 1622 2888 188)‚·

157 2899 230 2929 verz?
254 2899 416 2930 similiter
452 2899 535 2930 idem
573 2901 618 2930 est
653 2900 768 2938 frater
802 2897 960 2928 ade-ocati
984 2896 1187 2928 Ererharde'
1219 2898 1254 2928 rin
1291 2897 1423 2928 chartis*
1449 2906 1622 2929 (minorum
1647 2905 1680 2930 45

159 2946 259 2978 109⁴).
289 2946 388 2981 1091,
416 2944 537 2976 ibidem
562 2956 594 2987 φ),
617 2946 682 2978 177
695 2957 722 2977 ὅ.
749 2954 782 2977 71.
803 2945 910 2977 21153.
