1793 3080
71 926 104 949 10

69 1218 102 1242 15

65 1511 101 1534 20

65 1803 100 1827 25

66 2096 102 2120 30

68 2411 103 2435 35

272 262 397 296 VITA
423 260 675 296 BENNONIS
701 261 751 297 Π,
779 261 1005 297 EI’ISCOPI
1031 260 1458 296 osNABRUGENSIS.
1585 264 1606 296 :3

131 383 380 435 cognitioni
414 385 459 424 et
492 383 735 423 amicorum
769 396 839 424 res
866 383 952 422 ista
977 384 1044 423 est
1068 382 1243 435 perlata
1267 381 1467 422 consilio.
1516 380 1605 430 Qui

132 456 286 482 omnes
319 442 531 482 concordi
563 441 791 482 sententia
823 441 868 481 id
902 455 928 481 a
951 441 1103 481 divina
1138 440 1379 480 elementia
1411 439 1605 493 amplius

131 500 406 552 poscendum
469 500 803 552 instantiusque
866 499 1134 551 exigendum
1188 500 1284 539 fore
1337 498 1603 538 suadebant.

133 560 294 611 Itaque
341 572 388 599 re
436 558 684 598 domestica
731 558 976 598 amicornm
1025 557 1250 597 arbitratu
1299 557 1517 610 disposita
1558 559 1603 597 et

131 631 245 670 qnae
279 617 325 656 in
357 617 519 656 itinere
553 619 702 657 essent
734 617 987 657 necessaria
1025 616 1306 656 sufficienter
1347 615 1601 668 assumptis

129 675 314 715 Romam
351 677 519 729 petere,
560 675 867 728 apostolorum
901 675 1059 714 limina
1090 674 1281 714 invisere
1315 674 1604 714 devotissima

130 736 281 774 mente
313 733 589 774 tractabant.
654 733 740 774 Sed
774 747 830 775 ne
862 734 906 773 in
942 735 1187 786 conspectu
1220 733 1317 777 Dei,
1353 745 1481 785 quem
1517 732 1602 772 sibi

129 792 226 833 fore
275 793 519 845 propitium
568 792 772 844 rogaturi
820 794 968 838 erant,
1018 792 1149 832 vacui
1197 793 1485 844 apparerent,
1535 804 1603 831 ex-

128 851 356 903 teriorque
418 850 597 891 devotio
658 851 885 891 interioris
943 850 1212 890 facillimum
1267 849 1604 890 commendaret

129 909 359 957 affectum,
408 909 504 949 fieri
550 908 711 949 iubent
757 909 891 948 unius
939 908 1281 948 similitudinem
1331 907 1509 961 pueruli
1550 920 1602 947 ex

129 969 318 1020 argento
366 967 617 1021 purissimo,
667 980 854 1020 eamque
902 981 981 1020 pro
1030 966 1213 1007 modulo
1261 980 1340 1006 suo
1388 965 1602 1019 parvulae

129 1026 399 1079 quantitatis
432 1026 675 1077 imaginem
709 1026 895 1065 artificis
928 1025 1110 1078 ingenio
1135 1025 1379 1077 diligenter
1401 1024 1601 1064 effictam

129 1098 279 1125 secum
322 1084 578 1125 deferentes
612 1083 882 1137 Christoque
925 1087 970 1124 et
1012 1083 1229 1137 apostolis
1262 1083 1356 1123 eius
1389 1083 1458 1122 sui
1492 1083 1601 1122 desi-

129 1143 299 1184 derium
336 1143 482 1183 cordis
514 1143 642 1195 signo
675 1142 885 1186 locuturi,
930 1143 963 1182 si
997 1156 1104 1183 voce
1138 1142 1285 1181 minus
1318 1142 1598 1195 proficerent,

128 1202 320 1254 profecti
354 1203 461 1240 sunt
482 1201 684 1241 Romam.
737 1201 825 1241 Ubi
858 1214 936 1254 per
958 1201 1132 1253 aliquot
1155 1201 1248 1240 dies
1271 1201 1600 1240 commorantes

128 1262 173 1300 et
214 1259 313 1300 loca
353 1261 510 1300 sancta
551 1273 604 1299 ex
648 1259 844 1300 fidelium
890 1259 1216 1300 consuetudine
1258 1258 1597 1311 perlustrantes,

126 1318 246 1358 inter
293 1321 471 1359 caetera
523 1318 804 1358 necessitatis
856 1318 1141 1358 incommoda
1192 1317 1238 1356 id
1285 1316 1355 1357 vel
1407 1316 1599 1356 maxime

127 1377 332 1430 flagitare
366 1379 625 1430 coeperunt,
660 1379 882 1429 quatenus
915 1390 989 1417 eos
1022 1389 1217 1429 superna
1248 1375 1395 1427 gratia
1427 1376 1599 1427 aposto-

127 1434 273 1475 lorum
315 1449 495 1475 suorum
539 1437 722 1475 exorata
763 1435 991 1488 suffragiis
1033 1448 1112 1488 pro
1154 1436 1282 1473 tanto
1324 1433 1491 1473 laboris
1523 1432 1599 1471 im-

127 1494 292 1548 pendio
311 1494 503 1534 filiorum
525 1493 790 1546 dignaretur
807 1493 1091 1546 susceptione
1111 1493 1268 1539 ditare,
1287 1491 1389 1544 quil
1407 1504 1480 1531 eos
1499 1490 1599 1530 aliis

127 1552 260 1593 rebus
294 1566 373 1605 pro
406 1565 486 1592 suo
520 1554 643 1591 statu
675 1552 783 1591 satis
807 1554 851 1591 et
885 1552 1109 1604 dignitate
1141 1551 1371 1590 videretur
1409 1549 1597 1597 auxisse,

129 1611 388 1651 conditione
428 1611 612 1663 insuper
649 1610 937 1650 huiusmodia
975 1623 1108 1663 super
1139 1610 1223 1649 hac
1256 1622 1303 1649 re
1336 1611 1495 1661 sponte
1527 1607 1599 1647 ob-

127 1669 233 1713 lata,
276 1671 340 1714 ut,
384 1669 420 1708 si
465 1669 575 1709 haec
610 1669 731 1709 Deus
774 1683 853 1721 pro
886 1682 967 1708 sua
998 1669 1169 1721 pietate
1201 1668 1307 1707 vota
1339 1666 1597 1718 compleret,

127 1728 204 1780 qui
237 1727 407 1780 primus
441 1727 502 1767 eis
536 1729 796 1767 nasceretur
830 1741 883 1767 ex
915 1727 1032 1771 filiis,
1067 1726 1204 1766 sacris
1228 1739 1330 1766 eum
1356 1724 1522 1764 litteris
1555 1726 1600 1764 et

127 1786 277 1826 officio
327 1786 544 1826 deberent
592 1786 848 1838 mancipare
897 1786 1060 1824 divino.
1134 1784 1233 1824 Hac
1280 1783 1421 1836 igitur
1467 1777 1594 1836 piae¹'

125 1844 393 1885 intentionis
417 1844 655 1897 sponsione
679 1844 890 1888 devincti,
925 1844 971 1882 in
995 1843 1185 1896 patriam
1210 1844 1475 1885 remeantes,
1509 1854 1600 1881 non

128 1902 272 1943 multo
305 1904 406 1956 post
437 1905 641 1955 tempore
675 1902 816 1941 filium
843 1904 1111 1955 genuerunt,
1147 1901 1219 1941 cui
1242 1914 1294 1941 ex
1317 1899 1598 1952 cognationis

128 1961 494 2002 denominatione
542 1961 698 2001 Benno
740 1960 1011 2001 vocabulum
1054 1973 1149 2000 esse
1180 1959 1437 1999 Voluerunt.
1502 1957 1599 1997 Hoc

127 2022 278 2060 antem
326 2021 459 2059 modo
507 2022 765 2072 susceptum
814 2019 1095 2058 infantulum
1143 2020 1274 2058 tanto
1323 2015 1602 2070 diligentiori

128 2091 235 2118 cura
267 2091 318 2118 ac
351 2078 502 2118 studio
536 2078 744 2117 alacriori
777 2078 950 2117 nutrire
984 2079 1243 2129 coeperunt,
1287 2078 1457 2128 quanto
1499 2088 1600 2115 eum

128 2137 218 2176 suis
251 2136 460 2189 precibus
494 2136 678 2188 pietatis
712 2139 944 2176 auctorem
977 2135 1152 2175 dedisse
1186 2133 1444 2174 credebant.

269 2220 306 2257 2.
357 2217 443 2257 Sed.
486 2219 531 2257 et
572 2218 692 2257 inter
734 2217 830 2270 ipsa
872 2218 1055 2257 tenerae
1087 2215 1347 2255 rudimenta
1378 2214 1601 2254 infantiae

128 2276 394 2316 incredibile
426 2276 545 2315 forte
579 2278 646 2315 est
679 2275 817 2320 dictu,
852 2277 1021 2327 quanta
1053 2274 1100 2313 in
1131 2274 1271 2327 ipsius
1298 2273 1416 2313 facie
1438 2272 1603 2326 puerili

127 2334 311 2374 futurae
344 2334 517 2386 gratiae
551 2334 882 2386 quodammodo
916 2333 1115 2386 dignitas
1149 2332 1325 2372 elucere
1367 2331 1600 2384 coepisset,

129 2398 180 2432 ut
228 2392 381 2432 vultus
429 2392 640 2432 alacritas
689 2392 903 2444 quiddam
950 2391 1180 2431 videretur
1221 2390 1440 2444 spondere
1482 2402 1602 2442 prae-

129 2451 255 2504 sagii,
299 2464 343 2491 se
385 2451 534 2504 gratia
576 2450 803 2497 videlicet,
846 2463 934 2503 qua
973 2449 1125 2489 fuerat
1158 2448 1421 2502 parentibus
1455 2448 1600 2491 datus,

130 2510 187 2549 ad
220 2509 385 2549 altiora
414 2509 684 2562 quandoque
717 2509 873 2549 eadem
900 2509 1089 2548 vocante
1122 2520 1398 2555 scansurum,
1431 2506 1468 2545 si
1494 2505 1602 2558 quid

130 2569 295 2616 autem,
338 2570 389 2607 ut
423 2568 477 2608 ab
511 2568 558 2607 id
592 2568 755 2608 aetatis
788 2580 940 2620 puero,
981 2567 1106 2606 iussu
1137 2567 1377 2618 parentum
1408 2564 1602 2603 fortasse

129 2626 291 2666 fuisset
323 2626 564 2680 agendum,
608 2626 877 2679 prudentiae
915 2626 961 2665 et
992 2624 1164 2677 ingenii
1196 2623 1477 2677 praeclarum
1510 2634 1602 2674 spe-

67 2701 105 2726 40
130 2684 276 2724 cimen
322 2684 369 2723 in
414 2685 509 2724 eius
558 2687 710 2738 posset
752 2684 897 2737 quivis
938 2683 1085 2722 verbis
1127 2685 1171 2722 et
1213 2681 1392 2722 actione
1434 2679 1601 2719 mirari.

128 2796 157 2828 a)
178 2797 218 2820 ira
237 2796 278 2826 G,·
298 2796 500 2822 huiuscemodi
520 2798 615 2822 SNIE
684 2797 714 2829 b)
734 2797 801 2829 piae
822 2796 985 2821 devotionis
1005 2798 1034 2820 et
1052 2795 1223 2820 intentionis
1244 2794 1345 2820 SXIE.

130 2878 164 2919 1)
193 2888 237 2912 sc.
264 2878 359 2910 Deus
383 2878 433 2910 vel
455 2889 610 2921 superna
633 2880 766 2920 qratia.
817 2879 867 2912 W.

1280 2945 1322 2980 1*
