1834 3055
178 256 222 289 26
294 281 296 284 .
318 253 445 287 VITA
471 251 724 286 BENNONIS
750 250 800 286 II.
828 250 1055 285 EPISGOPI
1081 249 1506 286 OSNABRUGENSIS.

179 372 379 423 Quorum
412 373 468 412 ad
511 372 622 412 hoca
660 372 854 412 alacrem
888 371 1174 412 devotionem
1206 370 1460 419 attendens,
1497 373 1648 411 totum

178 445 223 472 se
255 431 302 470 in
335 431 454 471 hunc
485 430 884 483 vigilantissimum
916 429 1117 470 laborem
1140 428 1335 469 contulit
1357 429 1647 483 studiumque

179 489 374 543 collegit,
422 489 677 541 recogitans
719 491 765 529 et
806 488 962 529 dolens
1004 501 1050 528 se
1090 487 1180 527 iam
1221 487 1410 526 nimium
1454 487 1532 527 diu
1568 501 1648 541 per

176 548 434 588 innumeras
466 561 609 601 nug-as
640 547 838 588 inaniter
860 559 1028 587 errasse
1051 547 1315 600 dispersum.
1360 545 1507 585 Tanta
1528 547 1647 586 enim

177 606 470 646 festinatione
502 619 614 659 opus
647 607 857 659 coeptum
890 605 1165 658 aggreditur,
1198 606 1251 644 ut
1283 605 1477 657 quadam
1510 605 1647 645 etiam

178 664 460 705 absurditate
493 664 622 717 argui
653 664 894 705 videretur.
957 663 1164 704 Necdum
1195 662 1409 703 videlicet
1441 663 1647 703 officinas

176 723 248 763 vel
276 723 505 763 domicilia
535 722 631 762 ulla
663 724 988 771 construxerat,
1031 722 1110 762 ubi
1141 721 1319 769 fratres,
1353 734 1463 773 quos
1495 734 1647 762 secum

178 781 378 830 duxerat,
413 783 715 833 congruenter
746 782 930 834 possent
960 780 1101 833 recipi
1133 782 1213 819 aut
1244 779 1341 819 ulla
1372 780 1647 820 monasticae

178 839 442 892 disciplinae
490 852 695 880 exercere
738 839 951 891 vestigia;
1009 838 1274 891 parvissimo
1320 837 1474 890 itaque
1520 837 1648 878 iuxta

178 897 398 951 capellam
446 911 520 938 eos
566 898 750 951 tugurio
793 897 993 945 inclusit,
1043 897 1185 937 donec
1228 896 1501 936 monasterio
1549 909 1647 936 con·

178 958 349 996 structo
383 956 592 996 officinae
624 956 857 996 monachis
889 956 1157 1009 pararentur
1177 954 1378 994 idoneae.
1434 954 1521 995 Sed
1545 968 1647 995 cum

176 1015 266 1054 iam
299 1027 425 1054 mons
456 1015 553 1063 iste,
588 1017 640 1054 ut
672 1028 807 1067 supra
837 1014 1089 1062 retulimus,
1133 1026 1233 1054 cum
1273 1012 1481 1053 omnibus
1514 1013 1648 1066 perti·

177 1073 344 1113 nentiis
385 1073 475 1113 suis
517 1073 573 1112 ad
616 1073 804 1112 Disnam
846 1073 1106 1125 pertineret,
1156 1071 1245 1111 alio
1293 1071 1477 1123 praedio
1525 1071 1644 1120 dato,

177 1132 296 1184 quod
320 1144 346 1171 a
367 1130 563 1171 Cuniza1
593 1131 737 1171 nobili
769 1131 906 1170 vidua
937 1143 1017 1183 per
1049 1130 1296 1182 precariam
1329 1125 1645 1181 acquisieratb,

178 1190 356 1230 nomine
390 1189 603 1229 Bonwide
618 1190 644 1238 2,
688 1188 1001 1229 concambium
1042 1188 1166 1235 fecit,
1215 1189 1457 1239 monteque
1505 1188 1646 1228 diviso

178 1247 505 1288 oscidentalem
547 1248 642 1287 01113
683 1249 859 1300 partem
901 1247 986 1287 sibi
1028 1259 1423 1298 successorumque
1464 1259 1647 1286 suorum

177 1306 452 1346 habitationi
484 1319 728 1354 reservans,
763 1308 938 1358 partem
965 1304 1230 1345 orientalem
1265 1317 1366 1344 cum
1399 1305 1521 1344 omni
1553 1305 1648 1345 eius

178 1365 524 1417 circumquaque
565 1365 742 1405 iacente
783 1364 973 1417 planitie
1015 1363 1274 1403 monasterii
1317 1363 1416 1403 loco
1457 1363 1648 1416 usuique

177 1423 371 1462 fratrum
419 1423 465 1462 in
512 1423 658 1463 varias
707 1422 983 1475 mancipavit
1030 1422 1236 1462 officinas
1285 1423 1330 1461 et
1377 1422 1648 1462 exercendos

179 1481 327 1521 cultus
380 1495 602 1534 agrorum.
685 1481 859 1521 Exinde
910 1481 1052 1533 igitur
1104 1479 1365 1519 monasterii
1416 1479 1649 1520 statuendi

177 1540 477 1580 fundamenta
508 1540 722 1588 iacturus,
757 1553 859 1579 cum
891 1539 1017 1578 locus
1043 1538 1139 1591 ipse
1163 1540 1279 1578 esset
1301 1538 1449 1578 medio
1471 1551 1647 1590 quoque

178 1599 422 1651 asperrimo
464 1599 690 1638 eminente
732 1598 863 1637 dorso
904 1597 1157 1650 utrimque⁰
1206 1598 1489 1649 praeruptus,
1534 1596 1648 1636 diffi-

179 1656 396 1696 cillimum
428 1656 677 1709 incipiendi
717 1656 861 1709 operis
903 1655 1218 1708 experiebatur
1250 1655 1496 1694 exordium.
1560 1655 1648 1695 Sed

177 1715 272 1767 ipse
305 1715 439 1754 liuius
471 1715 644 1767 negotii
675 1714 806 1754 valde
832 1714 1017 1767 peritus,
1052 1713 1216 1753 altiora
1239 1713 1432 1759 diruens,
1467 1713 1648 1766 profun-

179 1773 304 1813 diora
333 1775 453 1812 terra
486 1773 654 1813 iniecta
686 1772 941 1820 sustollens,
975 1772 1229 1825 planiciem,
1264 1784 1377 1824 quae
1410 1785 1490 1824 pro
1524 1785 1648 1824 capa-

179 1831 315 1871 citate
359 1831 444 1871 loci
485 1832 528 1870 in
573 1831 834 1871 monasterii
875 1831 1250 1882 officinarumque
1298 1829 1393 1869 01113
1440 1829 1648 1882 amplitu-

178 1890 327 1930 dinem
375 1890 582 1930 sufficere
630 1892 802 1942 posset,
850 1891 902 1928 ut
949 1902 1069 1928 nunc
1118 1887 1336 1935 cernitur,
1386 1887 1647 1940 explanasse

178 1948 440 1987 dinoscitur.
514 1947 715 2000 Cumque
762 1947 872 1987 totis
919 1946 1089 1986 viribus
1136 1946 1351 1986 ecclesiae
1399 1946 1647 1999 parietibus

178 2006 402 2058 erigendis
434 2006 625 2046 instaret
658 2018 739 2045 nec
773 2005 898 2045 aliud
931 2005 1170 2058 quicquam
1202 2004 1358 2044 taliter
1400 2007 1647 2057 occupatus

177 2064 348 2104 valeret
396 2066 623 2113 extruere,
679 2064 923 2104 monachos
971 2076 1077 2116 prae
1124 2063 1335 2115 angustia
1381 2062 1469 2103 1001
1515 2062 1646 2103 valde

179 2135 451 2175 compressos
483 2123 630 2162 minus
661 2122 932 2175 regulariter
954 2122 1207 2162 conversari
1230 2123 1275 2161 et
1296 2121 1445 2161 vivere
1468 2123 1646 2161 conten-

176 2181 289 2221 tiose
322 2181 562 2233 persensit;
605 2181 726 2221 unde
769 2181 831 2221 eis
873 2180 1085 2220 abbatem
1127 2180 1181 2220 de
1221 2179 1492 2219 monasterio
1526 2179 1647 2220 beati

178 2239 468 2279 Pantaleonis
483 2240 498 2261 ³
519 2239 642 2279 illius
666 2239 843 2279 abbatis
867 2238 1139 2279 auctoritate
1163 2237 1396 2291 praefecit,
1429 2240 1647 2290 reputans

177 2297 257 2337 sub
293 2298 438 2350 capite
472 2298 744 2337 constitutos
777 2298 988 2350 deinceps
1021 2297 1286 2337 concordius
1318 2309 1412 2336 esse
1434 2296 1646 2336 victuros.

178 2355 265 2395 Sed
307 2369 359 2395 ex
401 2356 574 2396 duobus
616 2356 898 2396 monasteriis
941 2355 1204 2408 congregati
1246 2368 1348 2394 cum
1379 2368 1469 2394 non
1502 2354 1646 2394 solum

178 2426 222 2453 se
254 2413 445 2453 invicem
489 2415 645 2455 eadem
679 2414 890 2467 angustia
921 2414 1021 2462 loci,
1066 2426 1221 2453 verum
1255 2413 1393 2453 etiam
1425 2413 1645 2452 varietate

178 2472 555 2511 consuetudinum
598 2474 642 2512 et
684 2473 753 2511 sui
793 2472 1028 2524 utriusque
1061 2471 1230 2511 ordinis
1264 2470 1526 2511 defensione
1557 2471 1646 2509 tur-

178 2529 349 2574 barent,
392 2531 683 2571 vehementer
716 2530 1023 2577 contristatus,
1066 2530 1296 2569 universos
1338 2528 1393 2568 ad
1435 2527 1535 2568 loca
1567 2541 1645 2568 sua

177 2641 203 2665 a?
225 2641 311 2665 valde
333 2643 398 2669 acm,
419 2643 512 2666 ‚sNJE
582 2643 611 2674 b')
631 2644 798 2674 acquiserat
818 2645 841 2667 G
914 2646 939 2674 c)
960 2644 1095 2673 utrinque
1116 2642 1150 2668 G,

1674 912 1707 936 10

1674 1206 1706 1230 15

1674 1498 1707 1522 20

1674 1789 1707 1814 25

1673 2082 1707 2107 30

1673 2373 1705 2397 35

180 2724 211 2765 1)
242 2723 293 2763 Cf.
316 2723 473 2756 chao-tam
496 2725 680 2757 Gz‘silberta·
695 2730 724 2757 et
744 2726 907 2765 (sziecae,
934 2724 1189 2757 ‘Osuabriicker
1214 2723 1504 2756 Urkzmdenbuch’
1524 2723 1553 2764 I,
1581 2724 1646 2757 138
1670 2733 1705 2757 40

179 2780 210 2802 η.
231 2771 307 2803 157.
405 2772 439 2811 9)
467 2771 609 2803 Balenae
634 2773 671 2803 iu
692 2773 921 2813 praefectura
946 2772 1119 2811 JVthtlcnfse.
1213 2770 1249 2811 3)
1281 2771 1516 2809 Coloniensi&⁸
1541 2769 1646 2801 abbas

177 2820 252 2847 erat
278 2817 492 2849 Humbertus
517 2822 677 2849 mortim-S·
702 2829 734 2851 (ι.
755 2820 855 2852 1082.
905 2818 958 2850 De
992 2818 1202 2849 monasterio
1227 2818 1270 2857 cf.
1298 2817 1465 2860 Lampert
1490 2827 1522 2850 a.
1544 2817 1643 2850 1071.

180 2863 280 2900 1074,
306 2863 354 2895 ed.
382 2863 710 2905 HoldeJ·-E1qye2-p.
732 2866 808 2898 132.
837 2866 914 2899 190.
