1855 3070
351 277 476 312 VITA
504 277 757 312 BENNONIS
786 278 834 314 11.
862 277 1091 312 EPISCOI'I
1118 277 1542 314 OSNABRIHJ'ENSIS.
1642 282 1684 314 15

209 399 380 439 servitii
413 399 690 440 exhibitione
733 399 957 452 dignetur.
1021 399 1147 439 Tunc
1185 399 1319 439 ctiam
1356 413 1432 452 per
1463 400 1678 452 quasdam
1709 410 1780 444 (Ῑῖ),

207 457 352 497 invias
375 458 577 511 paludes,
612 472 800 511 quarum
825 458 867 498 in
905 458 973 497 his
1006 457 1265 511 regionibns
1290 458 1527 510 pleraeque
1561 460 1678 503 sunt,

209 516 348 556 siccas
391 518 437 557 et
479 519 694 569 aequatas
735 517 1057 557 itinerantibus
1089 516 1183 556 vias
1216 517 1374 556 fecisse
1409 517 1678 565 dinoscitur;

209 576 327 627 quod
361 588 462 615 cum
494 575 541 614 in
574 575 742 624 multis,
776 577 873 614 tum
908 575 1161 616 evidentius
1194 575 1236 613 in
1269 574 1365 614 loco
1389 575 1464 627 qui
1489 575 1680 615 witten-

167 645 182 670 5
209 633 302 674 velt
318 633 331 656 1
358 633 618 686 appellatur
641 635 841 687 apparet,
877 633 954 673 ubi
977 634 1049 673 vix
1078 634 1122 672 in
1148 635 1319 673 aestate
1344 634 1465 686 prius
1488 634 1678 673 transire

207 691 495 732 volentibusa
541 692 629 732 iter
669 706 763 733 esse
806 692 968 746 potuit.
1034 692 1121 732 Sed
1163 692 1257 745 ipse
1291 692 1352 732 ibi
1386 692 1576 732 collecta
1609 706 1679 744 po-

208 750 306 804 puli
356 750 532 803 ingenti
584 751 880 790 multitudine
934 750 1077 791 multo
1124 753 1325 803 tempore
1373 746 1557 790 sedens¹'
1615 751 1679 789 ita

207 809 528 862 permeabilem
571 809 746 849 duabus
788 809 1055 849 altrinsecus
1095 811 1252 849 contra
1284 822 1329 848 se
1361 809 1491 848 fossis
1525 809 1678 849 eiectis

207 868 400 908 eundem
433 867 633 908 reddidit
664 868 827 916 locum,
870 870 921 907 ut
959 868 1093 907 etiam
1129 867 1343 907 hiberno⁰
1382 867 1445 907 ibi
1476 870 1678 920 tempore

150 939 182 965 ιο
207 925 417 966 omnibus
450 926 643 966 transire
677 926 736 965 sit
767 926 916 966 facile.

354 1010 417 1046 13.
467 1007 554 1048 Sed
587 1007 676 1047 iam
709 1009 888 1061 tempus
922 1006 1150 1061 postulare
1184 1007 1376 1053 videtur,
1410 1009 1462 1046 ut
1495 1007 1548 1047 de
1582 1006 1679 1046 loco
1707 1014 1779 1055 (16)

207 1066 292 1106 hoc
325 1067 371 1106 et
403 1067 584 1106 nostrae
617 1066 981 1119 congregationis
1021 1065 1152 1105 initio
1194 1065 1365 1118 aliquid
1407 1068 1452 1105 et
1486 1065 1680 1105 breviter

206 1124 376 1164 referre
418 1124 674 1164 debeamus.
738 1125 941 1164 Montem
984 1124 1124 1176 igitur
1164 1124 1299 1163 istum
1344 1124 1541 1176 antiquis
1572 1126 1679 1163 tem-

206 1182 391 1236 poribus
432 1183 733 1223 munitissime
774 1183 914 1223 fuisse
956 1184 1265 1223 constructum
1308 1184 1353 1222 et
1395 1182 1586 1234 egregiis
1619 1195 1679 1221 se-

148 1255 181 1280 15
207 1241 339 1282 dibus
380 1241 665 1286 adornatum,
708 1241 904 1295 plurima
943 1240 1112 1281 indicia
1154 1241 1443 1280 manifestum
1483 1253 1576 1280 esse
1610 1240 1678 1280 (le-

206 1299 395 1340 clarant.
468 1299 597 1340 Licet
639 1300 757 1340 enim
799 1300 894 1353 ipse
936 1299 1084 1339 adhuc
1125 1299 1243 1339 valle
1284 1298 1454 1350 triplici
1496 1299 1679 1338 circum-

206 1354 368 1398 datusd
395 1357 551 1398 multis
584 1358 889 1398 subterraneis
921 1357 1150 1405 aedificiis,
1184 1370 1297 1410 quae
1330 1357 1532 1410 quotidie
1566 1370 1678 1409 pene

206 1419 440 1466 eruuntur‚
477 1417 531 1457 de
564 1430 610 1457 se
645 1417 778 1456 huius
809 1417 875 1456 rei
907 1418 1081 1457 certum
1113 1416 1423 1457 testiinonium
1458 1415 1564 1455 dare
1592 1415 1679 1454 suf-

206 1475 374 1524 ficiatss,
398 1478 588 1528 possunt
604 1478 758 1515 tamen
777 1477 822 1515 et
841 1475 925 1515 hoc
944 1475 1153 1515 attestari
1174 1474 1339 1514 litteris
1358 1473 1681 1527 comprehensa

146 1548 180 1573 20
205 1535 334 1587 gesta
367 1533 626 1583 multorum,
661 1547 775 1586 quae
806 1533 927 1573 inter
951 1533 1145 1586 plurima
1167 1533 1301 1572 huius
1324 1532 1532 1585 regionis,
1566 1545 1679 1584 quae

205 1593 294 1632 huc
326 1605 468 1645 usque
501 1592 734 1633 destructa
765 1592 982 1639 videmus
1026 1591 1214 1631 castella
1245 1591 1534 1643 antiquorum
1567 1590 1677 1630 haec

205 1651 295 1690 tria
334 1651 578 1704 praecipua
620 1653 665 1691 et
707 1650 1007 1690 eminentiora
1042 1650 1182 1690 fuisse
1217 1649 1426 1689 concordi
1457 1648 1677 1689 relatione

205 1709 510 1749 contendunt:
554 1704 861 1761 Heresburgf·
883 1710 896 1731 ‘2
927 1708 1141 1749 videlicet
1180 1708 1228 1747 in
1261 1707 1480 1747 Saxoniae
1518 1707 1678 1746 Hesso-

206 1780 402 1820 numque
425 1767 562 1807 situm
582 1767 788 1813 confinio,
814 1766 1081 1819 Sigeburgss‘·
1099 1766 1114 1789 ³
1133 1780 1309 1819 quoque
1328 1779 1461 1819 super
1477 1760 1674 1805 Ruram¹¹

146 1840 180 1865 25
205 1825 392 1865 fluvium
419 1825 618 1879 positum
640 1827 686 1865 et
709 1826 794 1865 hoc
816 1828 1018 1865 nostrum
1043 1820 1229 1877 Ihm-gi,
1254 1825 1372 1877 quod
1400 1837 1452 1864 ex
1484 1823 1678 1863 iocuudo

205 1885 295 1924 situ
325 1886 551 1924 terrarum
582 1884 814 1937 egregium
846 1884 999 1930 fuisse,
1041 1879 1208 1923 nemok
1244 1883 1319 1935 qui
1359 1882 1551 1922 dubitet.
1613 1881 1678 1922 Eo

206 1944 360 1983 autem
377 1945 592 1996 tempore,
613 1956 700 1995 quo
720 1941 907 1982 Carolus
929 1937 1138 1981 inclitusl
1164 1944 1209 1981 et
1226 1954 1417 1994 magnus
1433 1941 1680 1994 imperator

206 2001 340 2041 huius
373 2003 520 2042 terrae
553 2001 758 2041 homines
791 2000 1043 2054 paganismi
1075 2000 1300 2040 erroribus
1334 2012 1489 2040 eruere
1522 2001 1567 2039 et
1599 2012 1678 2038 suo

206 2060 406 2100 dominio
439 2060 682 2113 subiugare
715 2059 893 2099 diutino
923 2059 1169 2099 certamine
1192 2060 1238 2098 et
1260 2057 1434 2110 magnis
1457 2057 1678 2098 bellorum

148 2132 180 2157 30
206 2118 579 2171 appara-tionibus
631 2117 858 2157 laborasse
913 2116 1201 2163 describitur,
1260 2116 1550 2154 Widikindus
1601 2128 1679 2155 rex

207 2176 447 2225 Saxonum,
480 2176 549 2215 vir
581 2175 732 2218 animi,
766 2177 818 2214 ut
851 2174 1031 2220 dicitur,
1066 2176 1111 2214 et
1144 2174 1340 2227 corporis
1363 2173 1532 2212 viribus
1564 2185 1678 2225 pene

206 2234 411 2275 homines
456 2234 688 2278 excedens,
734 2233 931 2286 plurima
975 2246 1076 2272 cum
1111 2231 1293 2271 Francis
1335 2244 1387 2271 ex
1428 2231 1511 2271 hac
1554 2230 1677 2277 urbe,

208 2293 334 2333 cuius
374 2294 485 2332 tunc
529 2292 737 2332 dominus
777 2291 880 2338 fuit,
930 2290 1101 2343 praelia-
1149 2290 1420 2330 commisisse
1468 2289 1676 2329 refertur.

207 2351 295 2391 Sed
341 2364 447 2404 rege
495 2351 578 2390 hoc
622 2350 800 2390 devicto
840 2351 1028 2402 totaque
1070 2349 1264 2389 Saxonia
1303 2349 1350 2387 in
1393 2348 1523 2388 fidem
1568 2347 1679 2387 chri-

147 2424 182 2449 35
207 2410 401 2450 stianam
424 2411 469 2449 et
492 2408 810 2449 dediti-onemm
834 2408 1110 2447 Francorum
1131 2408 1328 2451 redacta,
1361 2419 1460 2445 cum
1493 2406 1678 2458 impera-

206 2468 295 2508 tori
327 2481 463 2521 supra
496 2468 617 2508 dicto
649 2467 867 2519 regnique
897 2465 1164 2519 primatibus
1187 2464 1414 2505 communi
1436 2464 1679 2518 placuisset

207 2557 236 2588 a)
254 2558 334 2588 prius
349 2560 416 2588 post
435 2557 601 2582 volentibus
621 2558 719 2588 repetit
739 2557 762 2579 G
824 2557 852 2586 b)
872 2556 1020 2581 laboribus-
1040 2556 1195 2585 invigi'fans
1215 2555 1281 2579 cnm.
1304 2555 1398 2578 SNIE
1457 2555 1482 2583 c)
1503 2554 1635 2585 hyberno
1655 2553 1679 2576 G-

208 2591 238 2621 d)
257 2592 442 2617 circundatus
463 2593 487 2616 G
572 2597 599 2618 e)
619 2592 768 2617 sufficiunt
789 2599 898 2620 omne-⁸7
926 2592 1071 2615 emendat-i
1090 2598 1156 2621 ‘'9⁰’'
1186 2592 1213 2613 in
1238 2590 1378 2613 codicibus
1399 2589 1577 2619 interpolatis
1591 2595 1679 2618 prae-

208 2628 332 2651 cedentia
351 2628 436 2651 verba
450 2635 576 2658 prorsus
596 2628 746 2651 immunda
764 2629 829 2650 sunt
892 2627 914 2650 f»
935 2627 974 2649 1'1‘«
995 2626 1066 2656 effi,-
1086 2626 1273 2653 fleresnurgh
1295 2625 1339 2648 ΙΕ
1399 2625 1428 2655 g)
1448 2625 1488 2647 ita
1508 2624 1580 2653 GN,·
1600 2624 1680 2653 Sige-

148 2661 184 2685 40
208 2663 302 2693 burgh
321 2663 366 2686 ΙΕ
445 2663 475 2692 h)
495 2663 599 2687 Rinam
622 2670 724 2694 omne-5,
743 2669 818 2686 corr.
839 2662 946 2686 Raram
968 2661 1017 2685 XI
1100 2661 1120 2684 i·
1142 2661 1182 2684 ita
1201 2660 1299 2689 QVE,-
1323 2660 1430 2689 [burgh
1451 2659 1466 2682 1
1545 2659 1574 2682 k)
1595 2659 1634 2681 ila
1656 2657 1681 2683 G

209 2700 233 2722 ec
250 2697 360 2726 E1·tm.,·
379 2700 423 2722 est
443 2698 509 2724 add,
529 2698 628 2724 SNJE,
702 2698 722 2727 l)
741 2698 865 2729 inclytus
888 2697 912 2722 G
984 2696 1023 2728 m)
1043 2697 1083 2719 ila
1105 2696 1147 2726 G‚·
1167 2696 1304 2719 ditionem
1325 2695 1425 2720 SXIE.

210 2779 245 2821 1)
275 2778 373 2811 Situs
397 2779 490 2810 inter
514 2781 603 2812 vicos
628 2780 763 2821 Enyter
788 2782 819 2810 et
842 2778 977 2811 Vdrden
1012 2779 1049 2809 in
1081 2778 1308 2819 praefectura
1334 2775 1597 2812 Bet-se71b1·1'‹'clc,·
1632 2774 1678 2814 cf.

210 2825 468 2858 ‘Osnabrezcker
500 2825 793 2858 Urlcundenbuch’
820 2825 872 2866 H,
897 2827 965 2859 291
999 2824 1043 2858 N.
1071 2826 1102 2858 2.
1216 2826 1249 2864 2)
1272 2822 1385 2855 Hodie
1410 2822 1610 2863 Stadtberye
1634 2821 1681 2853 ad

209 2872 357 2913 fluvium
382 2872 516 2904 Diemel
538 2873 609 2905 sive
631 2872 945 2913 szdwmarsbery
969 2873 1007 2903 in
1028 2871 1256 2914 praefectura
1282 2870 1421 2902 Brilon.
1509 2869 1545 2910 3)
1567 2867 1682 2900 Hodie

146 2928 185 2954 ,45
210 2918 351 2960 Sybmy
383 2918 674 2961 (Hohensybury)
699 2920 738 2950 in
757 2919 985 2962 praefectura
1014 2918 1260 2951 Trmom'ense'.
