1829 3070
102 912 134 936 10

102 1215 133 1239 15

101 1509 134 1533 20

99 1801 132 1825 25

98 2093 132 2118 30

97 2385 130 2410 35

95 2666 129 2690 40

92 2906 127 2930 45

303 247 431 282 VITA
456 247 710 282 BENNONIS
735 247 785 284 ΙΙ.
812 247 1040 282 EPISCOPI
1068 248 1494 287 OSNABRUGENSIS.
1591 250 1636 284 27

161 369 460 411 remittendos
502 369 694 423 putavit,
743 369 886 410 donec
933 382 1068 423 opere
1116 370 1318 423 perfecto
1365 370 1637 422 regulariter

162 429 417 470 conversari
458 428 674 472 valerent,
718 442 1010 481 quoscunque
1052 429 1312 469 adduceret.
1377 429 1538 482 Itaque
1581 429 1636 469 de

162 487 388 528 Mindensi
446 487 719 528 monasterio
773 487 928 540 paucis
979 487 1212 533 fratribus,
1266 501 1377 540 quos
1429 487 1638 528 similiter

162 546 451 594 asscive1·at³‚
476 545 758 586 solummodo
780 545 971 587 retentis
993 545 1142 586 locum
1167 546 1383 599 permisit,
1408 548 1461 586 ut
1483 546 1636 586 divino

161 604 286 658 operi
326 604 508 645 interim
551 604 761 657 privatim
795 605 1071 653 insisterent,
1113 618 1170 645 ne
1204 604 1414 644 diurnum
1449 604 1636 645 sacratis

160 663 272 704 locis
304 663 480 704 deesset
512 662 728 703 officium.
787 662 892 717 Ipse
925 665 1075 704 autem
1111 665 1298 716 coeptae
1331 663 1637 704 aedificationi.

160 723 500 776 perseveranter
531 721 757 770 insistens,
796 721 1195 775 vigilantissimum
1227 722 1496 775 prudentiae
1529 735 1636 763 suae

161 780 342 821 oculum
367 780 535 833 ubique
559 780 854 829 circumtulit,
888 793 1131 834 supernum
1156 780 1325 834 iugiter
1347 775 1630 821 elemosinisb

161 841 208 879 et
239 838 448 893 precibus
480 838 727 892 implorans
760 838 992 887 auxilium,
1036 852 1115 892 per
1156 839 1276 892 quod
1309 839 1395 879 sibi
1428 839 1533 879 talis
1566 839 1636 879 de-

160 897 288 938 beret
333 897 460 938 locus
503 897 693 945 ostendi,
743 897 863 938 unde
911 900 1048 950 queat
1093 898 1258 938 fratres
1303 898 1540 938 adducere.
1589 898 1633 937 in

159 969 347 1009 quorum
384 955 587 996 caritatis
620 956 786 996 unione
819 969 974 996 secure
1008 957 1233 996 confidere
1266 959 1417 1009 posset
1450 969 1524 997 eos
1546 956 1633 996 iam

160 1015 373 1067 deinceps
395 1028 570 1055 morum
592 1014 690 1054 fore
712 1014 891 1055 unitate
915 1015 1158 1055 concordes
1180 1014 1396 1067 nullaque
1425 1015 1637 1055 manendi

159 1072 463 1113 instabilitate
496 1074 742 1126 suspectos.

303 1146 371 1183 20.
421 1143 509 1183 Sed
541 1144 626 1183 hoc
658 1143 821 1183 iterum
861 1157 979 1183 nova
1011 1143 1237 1183 Saxonum
1277 1143 1635 1184 tumultuatione

161 1202 394 1250 differtum
452 1215 555 1241 nam
612 1202 837 1254 quendam
891 1201 976 1242 sibi
1024 1201 1338 1242 Hermannum
1386 1202 1631 1255 principem

160 1259 517 1314 praeponentes1
559 1274 657 1300 cum
698 1260 874 1313 ingenti
916 1261 1115 1301 exercitu
1157 1261 1238 1300 has
1278 1260 1443 1301 iterum
1485 1263 1636 1314 partes

159 1320 396 1369 invadunt,
435 1319 593 1360 urbem
627 1320 773 1359 hanc2'
805 1319 1005 1372 undique
1047 1319 1250 1359 studiosa
1281 1319 1515 1360 obsidione
1547 1319 1634 1359 val-

159 1378 307 1419 lantes
322 1378 349 1415 3.
431 1378 519 1418 Hic
573 1377 780 1430 equidem
834 1377 1031 1418 breviter
1089 1378 1378 1418 referendum
1441 1378 1633 1418 videtur.

159 1439 379 1490 quantum
413 1436 637 1489 ingeniosi
668 1437 752 1476 viri
784 1436 1002 1476 facundia
1032 1436 1190 1476 valuit.
1255 1436 1398 1476 Erant
1438 1437 1484 1476 in
1518 1450 1635 1477 exer-

161 1495 256 1536 citu
296 1495 376 1535 illo
409 1495 845 1535 Hildesheimensisc
885 1495 1121 1548 episcopus
1159 1494 1256 1535 Udo
1298 1497 1344 1535 et
1376 1491 1629 1535 Ekbertusd

159 1554 374 1603 marchio,
409 1553 572 1594 summi
602 1553 687 1592 viri
718 1553 888 1593 virtute
921 1555 967 1593 et
990 1553 1160 1593 divitiis
1183 1567 1297 1606 pene
1327 1567 1480 1594 omnes
1513 1566 1634 1607 prae-

160 1613 410 1653 eminentes
443 1615 657 1652 caeteros.
718 1611 806 1662 Qui
840 1626 940 1652 cum
973 1611 1101 1651 illum
1137 1612 1325 1664 antiqua
1357 1612 1557 1652 amicitia
1590 1614 1633 1652 et

159 1671 338 1724 privata
369 1671 562 1723 quadam
593 1670 921 1718 familiaritate,
956 1671 1159 1723 quamvis
1182 1671 1334 1711 hostes
1357 1671 1632 1711 viderentur.

158 1730 318 1769 intime
334 1730 660 1770 venerarentur
682 1730 728 1769 et
750 1729 1006 1782 diligerent,
1032 1729 1126 1769 eius
1149 1730 1321 1782 petiere
1344 1729 1632 1782 colloquium,

157 1789 254 1841 regi
301 1802 381 1828 suo
428 1801 508 1841 pro
554 1790 677 1828 certo
718 1788 992 1840 spondentes
1034 1801 1079 1828 se
1120 1787 1250 1826 illum
1293 1788 1348 1827 ad
1390 1788 1633 1828 deditionis

158 1860 388 1887 assensum
410 1845 633 1886 facillima
655 1846 943 1899 persuasione
966 1845 1172 1886 flexuros.
1212 1845 1458 1886 Gratanter
1479 1846 1633 1898 itaque

158 1905 213 1946 ab
247 1919 299 1946 eo
331 1905 515 1958 recepti,
551 1905 658 1944 dum
691 1904 908 1945 secretius
942 1918 1042 1944 cum
1075 1904 1156 1944 illo
1190 1904 1335 1944 multa
1358 1905 1632 1953 conferrent,

156 1964 342 2005 tandem
373 1977 444 2004 res
476 1964 523 2003 in
557 1963 832 2003 contrarium
869 1963 1001 2011 cedit,
1036 1965 1107 2003 ete
1137 1963 1214 2016 qui
1244 1977 1295 2003 eo
1318 1965 1547 2006 venerant,
1582 1966 1633 2002 ut

157 2023 214 2063 ad
256 2036 407 2075 regem
450 2017 609 2062 suumf
645 2022 776 2061 illum
810 2024 1137 2070 converterent,
1180 2021 1303 2061 illius
1345 2022 1496 2075 potius
1537 2022 1633 2075 regi

158 2095 252 2122 sese
285 2081 556 2122 fidelitatem
589 2080 706 2121 velle
739 2081 888 2120 iurare
922 2080 1016 2121 eius
1050 2085 1156 2120 sunt
1182 2081 1386 2121 oratione
1409 2080 1631 2133 perducti.

159 2139 361 2192 Cumque
407 2139 626 2192 reliquiae
674 2141 947 2182 sanctorum,
1002 2152 1136 2192 super
1188 2151 1298 2191 quas
1350 2141 1632 2179 sacramenta

156 2199 374 2245 facerent,
417 2212 443 2237 a
484 2197 651 2250 populo
683 2197 945 2237 viderentur
984 2196 1150 2245 afferri,
1191 2197 1323 2236 illum
1356 2197 1418 2237 eis
1452 2210 1632 2237 consen-

157 2258 264 2298 sisse
297 2256 544 2309 urbemque
577 2255 829 2296 Saxonibus
871 2269 972 2296 cum
1015 2255 1271 2296 iuramento
1303 2255 1419 2296 velle
1451 2256 1631 2296 tradere

156 2315 443 2363 arbitrantes,
477 2327 592 2368 pene
625 2314 688 2355 eis
719 2314 808 2354 iam
840 2315 929 2354 vim
953 2314 1215 2358 inferentes,
1248 2314 1378 2354 illum
1401 2314 1630 2354 infidelem

157 2377 202 2415 et
249 2374 478 2428 periurum
527 2373 762 2413 clamitare
810 2375 1070 2426 coeperunt,
1118 2387 1229 2426 quos
1269 2373 1347 2413 ille
1389 2373 1630 2413 artificiose

157 2432 445 2486 compescuit,
480 2434 532 2471 ut
562 2432 746 2472 interim
779 2445 943 2485 pavore
977 2432 1183 2485 deposito
1215 2431 1281 2472 rei
1314 2431 1484 2472 exitum
1508 2445 1630 2485 prae-

154 2523 182 2555 ἢ)
203 2525 244 2547 im
264 2524 306 2551 G:
324 2523 471 2547 asciverat
489 2522 584 2546 SNIE'
663 2521 693 2554 b)
712 2523 753 2546 ita
773 2522 836 2553 SN3
858 2522 1030 2554 elemosynis
1050 2523 1084 2551 I:
1104 2522 1296 2553 eleemosynis
1317 2522 1369 2545 GE
1458 2522 1483 2545 cl
1504 2522 1632 2545 Hildcsi-

154 2559 262 2583 mensis
282 2559 327 2583 hic
347 2565 441 2582 omnes
531 2557 560 2588 d)
580 2558 729 2582 Ebbertus
750 2564 844 2581 omnes
933 2559 959 2587 e)
980 2561 1012 2582 ut
1031 2564 1142 2587 omnes,·
1162 2558 1308 2581 emendam·
1327 2565 1375 2587 eyo
1447 2558 1470 2587 f)
1491 2558 1630 2581 Hei-mm-

155 2600 222 2618 num
244 2595 311 2619 add.
333 2594 433 2620 SNIE.

157 2663 190 2706 1)
218 2664 445 2696 Hermanmcs
478 2674 543 2696 rem
576 2668 713 2696 creatus
746 2667 794 2696 est
819 2664 922 2696 initio
947 2674 990 2697 m.
1018 2664 1174 2705 Auyustzr
1203 2674 1234 2697 a.
1264 2664 1364 2698 1081.
1463 2664 1496 2705 2)
1526 2662 1629 2695 Ihm·-

153 2720 255 2751 yense
282 2713 446 2744 castrum.
535 2711 570 2753 3>
607 2711 661 2751 Cf.
687 2711 781 2744 Amz.
808 2710 1155 2743 Patherbrzmnenses
1179 2711 1242 2753 (ed.
1270 2710 1629 2751 Scheffer-Boichorst

151 2768 187 2799 p.
212 2758 282 2799 98),
317 2757 441 2798 quibus
477 2758 638 2790 docemur
671 2758 919 2800 expeditionem
956 2757 1139 2790 Saxonum
1176 2761 1298 2790 contra
1333 2756 1517 2797 lVeStfaZos
1552 2760 1630 2789 ante

154 2804 459 2845 qzcadrayesz'mam
486 2814 518 2837 a.
535 2805 636 2839 1082.
655 2806 786 2845 factam
809 2815 877 2837 esse
899 2808 1019 2846 (caput
1041 2806 1169 2837 ieiunii
1187 2805 1248 2837 hoe
1269 2814 1363 2836 armo
1385 2807 1459 2835 erat
1482 2804 1513 2837 9.
1533 2803 1564 2839 (Ι,
1584 2813 1627 2837 m.

155 2851 307 2893 Martiej).
366 2849 462 2881 Haec
496 2851 534 2882 in
567 2861 650 2884 (mn.
686 2850 938 2892 Iburgsensibus
972 2851 1250 2892 (‘Osnabrz'icker
1287 2850 1628 2892 Geschz'chtsqnellen’

156 2897 184 2938 I,
212 2898 296 2936 182)
321 2897 497 2938 exscripta
523 2900 624 2938 atque
649 2908 692 2930 ex
716 2899 787 2930 vita
812 2902 935 2930 nostra
961 2903 1063 2930 aucta
1089 2902 1181 2932 sunt.

1663 1152 1736 1193 (25)

1663 1211 1763 1245 1081.

1664 1328 1762 1361 1082.
