1834 3055
52 1306 123 1343 (30)

50 2473 121 2509 (31(

156 248 200 281 32
298 243 425 278 VITA
450 242 704 277 BENNONIS
730 241 781 278 II.
806 241 1035 277 EPISOOPI
1061 241 1487 283 OSNABRUGENSIS.

157 364 340 413 absolvi,
384 363 535 404 subito
575 363 696 404 inter
727 362 1013 416 operantium
1047 366 1233 403 manusa
1271 377 1297 403 a
1327 364 1626 407 fundamento

157 422 327 464 corruit
370 435 525 461 murus
573 423 630 469 et,
679 421 753 461 vix
794 421 983 461 caeteris
1028 421 1338 471 evadentibus,
1386 437 1527 464 unum
1574 439 1627 466 ex

156 481 279 521 omni
325 494 512 521 numero
559 480 606 519 in
653 479 812 520 mediis
859 479 1001 519 ruinis
1043 480 1279 533 oppressit.
1352 480 1483 531 Quod
1526 496 1627 523 011111

155 540 446 580 vehementer
476 538 722 587 universos,
764 538 957 578 maxime
988 540 1143 578 tamen
1176 539 1506 593 praecipueque
1538 542 1628 580 tur-

156 598 284 639 baret
317 598 590 651 episcopum,
623 597 824 649 levisque
855 597 945 636 iam
968 596 1144 636 iactura
1166 598 1352 650 parietis
1375 600 1455 639 aut
1475 599 1626 652 potius

154 656 283 696 nulla
323 656 370 695 in
412 655 748 708 comparatione
790 657 1031 708 putaretur
1062 655 1273 708 oppressi,
1319 670 1419 697 cum
1454 670 1628 697 summa

154 714 449 755 festinatione
488 714 575 753 iam
618 727 734 753 novo
773 713 988 753 inchoato
1028 713 1182 754 labore
1230 715 1385 766 quaeri
1430 715 1624 762 iubetur,

155 774 231 826 qui
264 773 513 826 putabatur
545 772 784 819 extinctus,
828 771 864 811 si
904 772 1025 812 forte
1066 771 1225 812 saltem
1264 772 1385 813 inter
1417 773 1626 815 disiectas

156 831 296 872 moles
328 831 514 884 reperiri
549 832 730 883 possent
761 830 1019 883 fragmenta
1051 830 1368 871 membrorum.
1417 831 1506 872 Sed
1537 833 1626 872 iam

153 890 296 930 tantis
325 903 533 930 saxorum
557 888 797 941 aggeribus
819 888 892 928 vix
914 888 1109 928 maxima
1132 888 1407 930 difficultate
1430 890 1625 939 dimotis,

154 951 340 1002 repente
381 948 500 988 inter
541 947 804 988 ferientium
840 947 958 986 ictus
992 946 1186 987 clamare
1219 948 1368 1001 coepit
1400 950 1458 997 et,
1493 951 1627 1001 prout

155 1007 317 1059 potuit,
355 1019 492 1046 manu
524 1007 736 1059 protenta
768 1005 895 1058 quasi
925 1005 1129 1045 timendo
1163 1006 1416 1058 deposcere,
1463 1009 1514 1046 ut
1546 1021 1625 1059 pro

155 1065 240 1106 Dei
282 1078 430 1105 amore
473 1064 612 1117 capiti
653 1077 733 1104 suo
775 1065 1009 1104 caveretur
1050 1063 1104 1103 ab
1147 1064 1326 1113 ictibus,
1370 1066 1505 1117 atque
1546 1065 1623 1111 ita,

154 1124 328 1164 cunctis
362 1123 439 1176 qui
471 1123 661 1163 aderant
692 1136 784 1161 non
815 1121 964 1161 minus
996 1121 1175 1161 laetitia
1207 1135 1341 1174 quam
1369 1123 1627 1163 vehementi

153 1184 336 1235 stupore
369 1181 599 1234 perculsis,
639 1193 730 1220 non
763 1179 908 1219 solum
939 1179 1066 1219 vivus
1100 1182 1145 1220 et
1175 1180 1368 1230 validus,
1403 1182 1480 1222 sed
1512 1195 1626 1235 pene

154 1254 204 1280 eo
238 1253 344 1280 casu
376 1239 441 1279 1111
474 1239 684 1279 laesionis
718 1251 954 1292 perpessus
987 1238 1173 1278 eruitur.

294 1298 449 1338 Simile
489 1298 610 1350 quid,
658 1297 767 1337 licet
808 1299 974 1337 eventu
1016 1297 1260 1346 contrario,
1310 1299 1355 1338 et
1395 1297 1443 1337 in
1483 1298 1625 1339 fratre

154 1357 227 1397 1110
269 1357 464 1409 quodam
504 1356 683 1403 accidit,
727 1356 804 1408 qui
844 1355 966 1395 infra
1006 1355 1255 1396 matutinas
1295 1356 1343 1395 in
1374 1357 1625 1397 necessario

153 1416 360 1464 fratrum,
410 1416 517 1455 dum
559 1428 637 1468 per
677 1414 859 1454 tabulas
899 1414 1101 1454 nondum
1142 1414 1190 1453 in
1230 1414 1386 1455 ordine
1429 1428 1624 1468 congrue

154 1474 394 1527 dispositas
426 1474 636 1514 incautus
668 1473 912 1520 incederet,
946 1473 1097 1513 subito
1129 1472 1176 1511 in
1204 1486 1417 1526 praeceps
1440 1473 1622 1514 decidit.

154 1532 259 1572 Sola
298 1532 603 1573 misericordia
635 1531 722 1571 Dei
763 1533 1062 1577 sustentante,
1112 1531 1368 1583 asperrimis
1415 1532 1530 1571 saxis
1579 1534 1623 1572 et

154 1591 293 1644 spinis
334 1592 569 1643 susceptus
610 1592 690 1630 est.
760 1589 845 1629 Ubi
885 1603 987 1629 cum
1029 1589 1201 1628 diutius
1241 1589 1421 1630 nemine
1454 1590 1623 1630 sciente

152 1649 333 1696 iaceret,
357 1662 439 1689 1100
461 1648 644 1689 interim
666 1650 821 1688 tamen
843 1661 869 1687 a
890 1642 1168 1700 psalmodiab
1208 1649 1415 1695 cessaret,
1438 1648 1621 1688 tandem

144 1708 370 1747 ‘fratribus
413 1721 435 1748 e
468 1708 604 1747 choro
644 1706 832 1747 reversis
873 1706 1093 1759 strepituC
1133 1706 1327 1758 quodam
1360 1707 1405 1746 et
1437 1706 1622 1759 gemitu,

152 1780 208 1806 ne
247 1766 407 1806 saltem
448 1766 495 1805 in
536 1767 667 1805 tanta
705 1778 753 1805 re
794 1766 1065 1804 nocturnum
1108 1764 1339 1804 silentium
1380 1767 1621 1818 rumperet,
1650 1783 1663 1800 a

153 1838 197 1865 se
239 1825 452 1865 cecidisse
492 1826 688 1864 testatus
729 1836 884 1863 omnes
926 1823 1118 1862 maximo
1151 1823 1334 1862 horrore
1367 1823 1621 1870 commovit,

153 1883 230 1923 sed
263 1897 288 1922 a
319 1883 503 1922 famulis
536 1882 750 1922 citissime
790 1881 1033 1933 requisitus
1071 1883 1116 1920 et
1148 1882 1352 1933 repertus
1383 1881 1622 1921 incolumis

153 1955 254 1981 mox
276 1942 490 1981 reductus
515 1942 582 1981 est
592 1937 626 1988 d,
653 1943 698 1980 et
720 1953 830 1992 quos
849 1941 1163 1985 commoverat,
1188 1938 1436 1979 laetissima
1457 1939 1621 1979 iterum

152 2012 306 2039 omnes
351 1999 648 2039 admiratione
692 1997 911 2051 implevit,
956 1998 1022 2036 ita
1062 1998 1114 2036 ut
1155 1997 1209 2037 de
1251 2010 1302 2037 eo
1344 2011 1520 2050 quoque
1561 2011 1621 2038 se-

153 2058 351 2098 cundum
384 2057 596 2104 litteram,
629 2057 839 2097 videatur
871 2055 1121 2108 impletum,
1156 2055 1276 2107 quod
1306 2056 1360 2095 de
1392 2055 1511 2096 iusto
1544 2069 1622 2109 per

152 2116 432 2169 psalmistam
474 2115 698 2156 canitur1:
749 2114 851 2155 Cum
893 2112 1093 2163 ceciderit,
1136 2126 1220 2153 non
1262 2112 1485 2164 collidetur,
1523 2113 1622 2165 qnia

151 2173 361 2214 Dominus
406 2173 597 2225 szwponiz‘
644 2186 814 2213 numam
859 2186 990 2212 snam.
1062 2172 1147 2212 Sed
1197 2173 1283 2212 hoc
1328 2172 1429 2212 ideo
1477 2172 1621 2212 simile

152 2233 371 2285 superiori
403 2234 448 2272 et
481 2232 755 2272 contrarium
780 2231 985 2278 diximus,
1019 2231 1124 2283 quia
1155 2230 1299 2280 illum,
1334 2244 1467 2283 super
1488 2244 1621 2283 quem

151 2293 307 2331 tantae
349 2291 488 2331 moles
531 2291 804 2338 ceciderunt,
854 2291 1032 2330 constat
1080 2302 1174 2329 esse
1221 2302 1313 2329 non
1360 2289 1618 2336 contritum,

152 2350 271 2389 hunc
315 2352 478 2395 autem,
523 2350 598 2401 qui
637 2349 685 2388 in
715 2348 836 2388 tanti
869 2347 1124 2401 praecipitii
1162 2347 1521 2400 profunditatem
1555 2359 1619 2387 ce-
1647 2357 1660 2381 3

153 2408 275 2454 cidit,
311 2410 488 2447 constat
521 2421 611 2447 non
644 2421 738 2447 esse
772 2406 1069 2447 confractum.

293 2466 408 2506 Item
453 2466 506 2505 de
548 2479 699 2518 puero,
743 2465 820 2517 qui
859 2464 907 2503 in
948 2466 1136 2517 puteum
1169 2463 1344 2512 cecidit,
1387 2463 1479 2503 tale
1511 2462 1619 2515 quid

153 2524 366 2564 accidisse
399 2524 606 2564 refertur.
655 2523 769 2564 Cum
792 2523 910 2563 enim
937 2521 1249 2569 immitterent,
1283 2521 1360 2573 qui
1392 2522 1618 2560 mortuum

153 2583 455 2629 extraherent,
499 2584 543 2621 et
585 2582 650 2621 nil
690 2582 838 2621 minus
880 2594 1011 2633 quam
1045 2579 1193 2619 vivere
1226 2580 1476 2632 putaretur,
1521 2592 1616 2619 con-

1653 613 1669 638 5

1656 906 1687 931 10

1654 1196 1686 1221 15

1651 1484 1685 1509 20

1649 2066 1682 2091 30

153 2696 180 2724 a)
201 2696 240 2718 im
261 2695 348 2723 XIE,·
369 2695 385 2720 i.
405 2693 585 2725 operandum
604 2701 726 2725 maguus
746 2695 788 2723 Θ,-
817 2694 851 2723 cf,
872 2693 951 2723 infra
971 2694 989 2718 l.
1004 2694 1045 2718 11.
1065 2693 1142 2716 inter
1162 2692 1328 2716 ferientium
1349 2692 1431 2724 ictus,
1446 2700 1475 2722 p.
1489 2692 1522 2716 35
1543 2692 1560 2717 I.
1575 2692 1617 2716 15.
1645 2688 1679 2712 40

152 2730 228 2754 inter
247 2731 390 2754 orantium
411 2737 512 2753 manus
593 2730 620 2759 b)
640 2734 760 2753 vacaret
778 2736 829 2753 scu
851 2729 916 2754 add.
938 2727 1010 2751 NIE
1026 2728 1096 2757 (non
1117 2728 1149 2758 S)
1226 2729 1251 2751 c)
1272 2727 1379 2757 stepim
1400 2727 1423 2750 G
1496 2725 1525 2756 d)
1545 2727 1617 2750 deese

154 2765 180 2787 in
202 2765 329 2788 omnibus
349 2766 436 2795 codd„
457 2765 584 2795 suppleri
603 2772 660 2794 esso.

153 2858 186 2899 l)
210 2858 304 2891 Psal.
331 2858 387 2898 36,
414 2859 468 2891 24.
