1834 3055
149 237 194 271 22
289 234 417 269 VITA
441 234 694 269 BENNONIS
721 235 772 271 II.
798 233 1029 270 EPISCOPI
1055 234 1481 272 OSNABRUGENSIS.

150 356 225 408 qui
241 355 330 396 alio
344 356 526 396 nomine
542 354 785 408 Gregorius
801 356 1048 405 dicebatur,
1065 356 1330 397 inimicitiae
1343 357 1620 407 ferebantur,

150 415 337 466 accepta
367 415 521 454 tamen
554 427 580 453 a
609 427 714 467 rege
737 414 922 455 licentia
942 414 1131 455 Romam
1154 415 1385 468 profectus
1400 415 1425 464 1,
1459 430 1621 469 papam

149 471 279 511 illum
312 472 438 521 adiit,
473 475 518 513 et
550 472 765 525 quicquid
788 486 922 526 super
945 473 1258 514 decimationis
1280 473 1403 513 illius
1425 475 1622 526 recogni-

149 529 273 570 tione
315 531 553 578 statuerat‚
598 531 836 584 apostolici
876 531 999 571 illius
1041 545 1248 572 assensus
1289 533 1334 572 et
1375 532 1622 573 auctoritas

148 588 352 628 Romana
403 589 614 629 firmabat
629 590 655 628 ².
718 590 864 630 Tanto
912 590 1031 631 enim
1079 603 1124 630 se
1171 592 1269 630 toto
1315 590 1395 630 illo
1438 591 1621 631 turbine
1647 611 1662 635 5

149 646 369 687 bellorum
405 648 674 701 prudentiae
706 648 913 688 veritatis
946 650 991 689 et
1023 649 1130 689 fidei
1162 648 1402 702 utrobique
1425 650 1621 690 modera-

147 705 272 745 tione
304 705 514 753 librabat,
548 708 601 745 ut
631 706 677 745 in
710 708 902 759 utraque
935 720 1111 760 semper
1143 707 1183 747 ei
1216 709 1343 760 parte
1366 708 1461 748 sine
1484 708 1621 761 suspi-

149 763 276 804 cione
324 766 369 804 et
415 764 577 804 timore
624 765 878 805 conversari
923 765 1103 813 liceret3
1157 778 1240 805 uec
1290 779 1367 805 rex
1407 780 1619 818 unquam,

147 822 350 874 quamvis
390 822 511 863 inter
543 823 695 863 hostes
729 836 831 863 suos
865 837 965 863 eum
999 836 1179 864 manere
1211 824 1398 872 videret,
1439 824 1494 864 de
1527 824 1621 864 eius

147 880 370 921 fidelitate
412 881 674 934 ambigeret,
717 895 801 922 nec
834 882 894 930 hi,
938 882 1141 934 quamvis
1181 882 1278 934 regi
1310 882 1620 922 fidelissimum
1647 903 1680 927 10

147 952 242 980 esse
283 953 374 979 non
414 939 691 989 dubitarent,
738 939 926 980 insidias
971 953 1171 993 unquam
1218 941 1272 981 de
1319 940 1413 981 eius
1459 941 1621 981 fraude

147 998 373 1038 timerent.
436 998 575 1038 Porro
616 1012 710 1048 nos,
754 998 831 1051 qui
873 999 983 1038 haec
1025 999 1216 1039 strictim
1260 1012 1394 1052 super
1433 999 1620 1039 decima-

145 1057 270 1096 tione
305 1055 643 1109 Osnabrugensi
684 1057 936 1105 retulimus,
980 1057 1176 1109 plurima
1217 1070 1352 1097 causa
1384 1057 1620 1097 brevitatis

147 1115 468 1167 praetergressi
500 1128 666 1163 sumus,
708 1115 755 1154 id
789 1115 932 1155 solum
966 1115 1012 1154 in
1046 1116 1131 1155 hoc
1163 1115 1379 1168 opusculo
1413 1116 1620 1156 sufficere

147 1172 432 1221 arbitrantes,
466 1173 572 1225 quia
603 1195 658 1199 —-
691 1174 811 1225 quod
842 1175 973 1213 tanto
1005 1174 1221 1226 temporis
1247 1174 1406 1226 spatio,
1440 1174 1618 1227 quippe,
1647 1194 1679 1218 15

146 1233 198 1270 ut
229 1231 389 1279 fertur,
427 1231 481 1271 ab
524 1231 714 1284 imperio
755 1232 818 1285 pii
850 1232 1136 1285 imperatoris
1168 1232 1413 1281 Ludowici,
1455 1233 1620 1286 episco-

146 1291 304 1342 patum
337 1290 475 1329 istum
507 1289 852 1343 incomparabili
886 1291 1050 1330 damno
1083 1292 1128 1331 et
1161 1290 1424 1344 gravissima
1447 1304 1620 1344 semper

146 1348 391 1400 iniquitate
414 1348 620 1397 vexabat,
656 1361 898 1401 omnesque
932 1349 1066 1389 huius
1094 1349 1211 1389 sedis
1244 1349 1472 1402 praesules
1505 1362 1619 1390 acer-

145 1406 258 1446 rimo
306 1406 456 1446 studio
502 1407 687 1460 iugique
733 1407 887 1447 labore
934 1421 1040 1448 suae
1092 1408 1280 1460 quisque
1327 1407 1619 1448 successionis

146 1465 258 1505 serie
290 1465 506 1518 repetisse
539 1465 756 1515 sciuntur,
792 1466 899 1505 dum
926 1466 1138 1518 gravibus
1161 1479 1338 1518 quoque
1360 1466 1617 1518 saepissime
1645 1480 1678 1504 20

145 1523 322 1563 iniuriis
356 1524 510 1564 affecti
542 1523 597 1563 ab
621 1524 803 1577 incepto
826 1526 978 1564 tamen
1002 1524 1219 1564 deterreri
1242 1538 1331 1564 non
1355 1526 1537 1577 possent
1565 1547 1616 1550 —

145 1581 266 1621 solus
308 1582 393 1622 iste
435 1582 604 1622 virtute
642 1582 965 1622 inaestimabili
997 1582 1342 1635 incessabilique
1375 1582 1528 1622 labore
1561 1583 1618 1622 ad

147 1640 281 1680 finem
313 1653 455 1692 usque
487 1640 685 1680 feliciter
716 1641 941 1693 perduxit,
977 1642 1022 1680 et
1055 1654 1264 1694 sponsam
1287 1655 1412 1680 suam
1437 1641 1617 1694 proprio

145 1698 384 1750 privilegio
418 1698 537 1738 dotis
568 1701 700 1738 tanto
725 1699 1017 1752 despoliatam
1044 1701 1247 1752 tempore
1271 1699 1425 1739 debito
1448 1700 1617 1739 honore

144 1756 323 1808 pristini
357 1757 529 1796 decoris
563 1757 751 1805 ornavit,
787 1757 908 1810 apud
931 1771 1065 1810 quam
1089 1757 1256 1810 absque
1284 1757 1421 1797 dubio
1454 1771 1617 1798 nomen
1643 1772 1676 1796 25

145 1814 239 1854 eius
273 1817 493 1867 perpetua
535 1815 620 1855 erit
661 1816 707 1854 in
745 1815 879 1856 laude
913 1818 958 1856 et
990 1815 1249 1856 memoriale
1282 1816 1376 1856 eius
1408 1816 1456 1855 in
1489 1816 1616 1856 bene-

145 1872 419 1912 dictionibus
452 1873 750 1926 sempiternis.
800 1873 847 1913 si
879 1874 995 1914 enim
1031 1874 1153 1914 hisce
1179 1874 1373 1914 inserere
1397 1874 1613 1926 cupimus,

144 1934 337 1982 quantos
374 1944 452 1983 per
483 1931 729 1971 triennium
765 1946 936 1985 pauper
969 1933 1015 1972 et
1038 1932 1140 1972 exul
1162 1932 1338 1972 labores
1361 1932 1612 1985 pertulerit,

143 1989 351 2040 quotiens
393 1989 607 2029 iniuriose
649 1990 855 2042 repulsus
903 2004 993 2030 non
1040 1990 1357 2043 desperaverit,
1407 1990 1613 2042 quotiens

142 2046 337 2086 induciis
370 2047 527 2100 positis
561 2048 616 2087 ad
650 2048 797 2088 locum
831 2049 1132 2088 constitutum
1160 2049 1331 2089 frustra
1352 2048 1611 2102 perrexerit,
1641 2063 1673 2087 30

143 2105 349 2157 quotiens
390 2106 578 2145 Romam
620 2106 724 2146 ierit
763 2120 1017 2159 omnesque,
1061 2107 1115 2147 de
1157 2121 1346 2159 quorum
1389 2107 1613 2147 adiutorio

143 2163 471 2216 praesumebat,
497 2164 691 2204 offensos
714 2165 983 2213 invenerita,
1009 2165 1205 2218 qualiter
1224 2165 1363 2205 barba
1386 2167 1612 2205 crescente

141 2221 294 2261 vultus
327 2222 539 2262 notitiam
572 2223 897 2263 dissimulando
925 2223 1152 2273 celaverit,
1186 2224 1393 2276 quotiens
1416 2224 1610 2267 iamiam,

141 2282 192 2319 ut
233 2280 327 2333 ipse
370 2281 575 2333 putabat,
619 2282 740 2321 omni
780 2282 964 2334 negotio
1006 2284 1189 2335 peracto
1234 2283 1415 2322 domum
1447 2282 1612 2322 reverti

142 2338 346 2390 cogitans
388 2351 521 2378 ausus
562 2340 707 2380 redire
749 2354 838 2379 non
878 2340 1031 2389 fuerit,
1081 2341 1276 2393 qualiter
1317 2341 1454 2381 etiam
1494 2340 1611 2392 regis
1638 2355 1670 2379 35

142 2396 310 2436 curiam
346 2397 590 2437 miserabili
622 2398 776 2438 labore
805 2399 1017 2451 turpique
1041 2401 1241 2451 egestate
1265 2400 1467 2452 pertesus
1491 2398 1610 2451 apud

142 2454 320 2503 amicos,
370 2455 405 2494 si
447 2469 556 2507 quos
597 2456 642 2495 in
686 2457 849 2496 exteris
897 2457 1157 2509 regionibus
1204 2457 1405 2497 invenire
1446 2456 1608 2509 potuit,

141 2574 169 2591 as
190 2568 229 2589 im
251 2567 359 2597 QVIR·
388 2568 535 2592 inveniret
554 2570 587 2594 (ι’,

142 2660 174 2699 1)
200 2660 396 2692 Beunonem
422 2661 465 2692 ab
482 2661 649 2694 Hem-{00
674 2663 775 2694 mitio
801 2673 832 2696 (ι.
856 2664 955 2699 1078.
974 2667 1003 2695 et
1021 2673 1095 2695 vere
1113 2673 1144 2695 (ι.
1166 2664 1265 2696 1079.
1293 2662 1440 2694 Romam
1466 2664 1610 2695 missum

141 2716 208 2737 esse
232 2708 370 2747 scimus,
396 2707 441 2747 cf.
469 2708 586 2749 Meyer
613 2718 674 2739 ron
693 2709 860 2750 Kuomm,
889 2709 1125 2741 ‘Jahrbiiclzer
1147 2709 1334 2741 Ham-iolas
1351 2709 1375 2741 I
1377 2709 1430 2743 V.’
1456 2710 1528 2749 III,
1554 2711 1608 2743 98.
1633 2722 1667 2745 40

141 2754 218 2786 ⁴209.
269 2753 334 2784 Sed
359 2753 459 2786 rerba
487 2755 665 2786 Norsberii
689 2756 791 2795 infra
820 2756 840 2789 l.
860 2757 914 2789 31.
942 2757 1136 2795 insinuant,
1163 2766 1235 2787 eum
1259 2755 1395 2797 pluries
1420 2758 1523 2788 etiam
1549 2756 1610 2787 hoc

141 2799 242 2830 emilii
265 2803 412 2841 tempore
436 2801 583 2832 Romam
609 2802 719 2834 ivisse.
840 2804 874 2844 2)
908 2802 1138 2842 Privilefflffmaez
1167 2802 1343 2844 Gresyorie',
1379 2804 1478 2835 cetius
1506 2804 1608 2834 etiam

138 2845 296 2877 Annales
322 2846 525 2886 Iburyewses
553 2849 641 2882 1083
667 2849 871 2880 mentionem
896 2849 1046 2890 faciunt,
1073 2859 1142 2881 non
1167 2854 1330 2892 superest.
